1768 2856
121 241 122 244 Ἰ
150 272 223 298 nus
250 255 395 295 reicere
423 253 529 296 velit,
559 252 595 290 ei
622 252 806 290 nimirum
832 251 936 290 licet.
993 250 1120 296 Quum
1135 254 1264 289 autem
1279 254 1561 302 argumentatio

151 323 285 371 visque
313 317 550 369 probationis
578 318 660 354 tam
692 329 830 354 manca
857 315 909 365 sit
937 317 1069 354 contra
1097 315 1295 365 stropham
1324 329 1346 353 a
1373 319 1562 366 praestan-

147 384 311 426 tissimis
338 381 545 433 philologis
573 381 769 427 reiectam,
798 380 1102 431 intellegendum
1131 383 1200 427 est,
1230 394 1346 431 quam
1373 381 1563 431 periculo-

128 493 130 498 ,
152 463 237 488 sum
265 451 303 486 et
330 447 490 497 plenum
517 445 602 483 alea
629 445 680 483 sit
708 458 796 482 cum
823 445 1093 495 hypercriticis
1122 445 1323 483 audaciam
1343 458 1387 483 ex
1402 445 1563 483 audacia

153 513 266 565 gigni
307 512 433 550 sinere
475 510 568 548 adeo
596 511 652 555 ut,
682 521 802 558 quum
829 509 922 559 quid
951 509 1091 547 cortice
1119 509 1326 547 levioribus
1353 509 1567 547 rationibus

154 577 234 615 nixi
275 574 588 624 repudiaverunt,
630 586 706 610 non
746 573 856 611 modo
901 586 977 611 non
1023 573 1402 622 circumspectionem
1449 573 1569 610 animi

155 641 337 691 augeant,
367 637 434 676 sed
463 637 580 675 etiam
607 636 752 675 maiore
780 650 867 675 cum
894 636 1036 675 fiducia
1051 636 1127 675 alia
1142 636 1432 688 aggrediantur.
1489 636 1566 675 Ta-

131 711 133 713 ’
154 705 231 743 lem
260 703 434 742 criticam
460 702 650 740 rationem
683 702 913 752 quicumque
947 702 1134 752 sequitur,
1162 702 1366 752 paullatim
1395 702 1443 740 ad
1472 715 1567 740 eun-

156 769 243 807 dem
262 769 377 816 atque
398 766 594 816 Gruppius
614 765 757 804 exitum
776 766 939 804 ducitur.
988 765 1117 804 Primo
1136 780 1261 817 pauca
1275 766 1399 811 reicit,
1414 768 1566 816 postre-

155 846 228 877 mo,
271 832 304 869 si
331 831 413 870 vita
441 830 618 880 viresque
645 832 866 880 suppetunt,
907 830 1259 876 Rhadamanthum,
1287 831 1445 869 tertium
1474 829 1566 868 Orci

156 896 335 942 iudicem,
378 896 597 934 constanter
639 895 765 933 omnia
807 895 1119 934 condemnentem
1152 895 1282 942 faciat,
1312 909 1467 934 necesse
1497 897 1568 934 est,

158 961 309 1000 Severae
337 960 497 999 iustitiae
525 959 581 998 nil
599 960 756 1010 probari
769 963 906 1010 potest.
962 959 1038 998 Res
1055 960 1103 998 ad
1116 960 1383 1000 Hardovinum
1398 960 1565 999 devenit.

138 1021 140 1024 ’
286 1023 400 1063 Nune
427 1024 561 1075 paucis
590 1037 635 1063 ea
663 1038 1011 1071 commemoramus,
1041 1038 1126 1075 quae
1154 1024 1299 1076 singuli
1328 1024 1451 1063 critici
1471 1037 1565 1075 spu-

158 1090 218 1128 ria
246 1102 327 1127 esse
356 1091 507 1139 putant.
549 1088 697 1127 Peerlc.
726 1091 868 1139 praeter
895 1089 1094 1139 stropham
1120 1089 1198 1126 iam
1225 1089 1421 1127 laudatam
1450 1089 1569 1126 etiam

159 1152 358 1205 propulsat
399 1167 459 1192 vv.
503 1154 607 1192 3—6
649 1153 755 1191 nulla
788 1153 864 1191 alia
891 1153 1037 1192 ratione
1065 1154 1140 1192 nisi
1168 1153 1268 1204 quod
1296 1153 1380 1192 sine
1408 1155 1563 1192 senten-

159 1218 302 1255 tiarum
342 1218 478 1256 damno
522 1218 623 1256 demi
663 1220 823 1267 possunt
844 1218 873 1266 1)
915 1221 1032 1267 atqua
1077 1221 1311 1267 postremam
1356 1218 1568 1267 stropham,

159 1283 203 1319 ut
231 1283 320 1319 ante
350 1294 437 1319 eum
457 1280 629 1328 Guietus,
658 1284 745 1332 post
764 1295 850 1320 eum
869 1281 1097 1328 Meinekius,
1117 1281 1274 1328 Linker,
1296 1281 1363 1319 alii
1381 1281 1569 1320 fecerunt.

160 1345 343 1401 Lehrsius
370 1348 513 1396 praeter
541 1347 714 1396 quintam
741 1347 938 1396 stropham
966 1347 1083 1385 etiam
1110 1347 1315 1397 septimam
1342 1349 1568 1392 summovet,

161 1423 237 1459 qua
264 1423 306 1448 re
336 1410 506 1449 effecisse
535 1411 609 1449 sibi
636 1411 800 1457 videtur,
829 1413 872 1449 ut
900 1411 1079 1450 carminis
1097 1413 1228 1461 partes
1247 1411 1349 1449 inter
1368 1424 1408 1449 se
1428 1410 1567 1448 melius

162 1474 410 1521 cohaererent,
454 1476 554 1525 quod
587 1478 717 1514 tamen
743 1489 898 1525 prorsus
927 1479 985 1514 est
1012 1489 1350 1526 supervacaneum,
1380 1475 1413 1513 si
1442 1475 1570 1514 cohae-

161 1539 338 1584 rentiam,
368 1539 482 1577 sicuti
508 1552 576 1577 nos
604 1539 682 1578 iam
709 1539 881 1585 fecimus,
912 1540 1155 1589 explicamus.

291 1601 486 1653 Gruppius
527 1603 651 1641 tribus
686 1603 845 1642 diversis
873 1603 994 1642 modis
1023 1617 1177 1642 carmen
1204 1603 1398 1642 tractavit.
1456 1603 1495 1654 a)
1524 1602 1571 1641 In

162 1666 302 1705 Minois
330 1667 428 1705 libro
455 1680 546 1718 pag.
576 1668 626 1705 55
656 1667 830 1717 quintam
858 1668 976 1706 solam
995 1668 1192 1718 stropham
1210 1668 1402 1717 repudiat,
1433 1667 1474 1717 b)
1489 1668 1571 1706 ibm

162 1744 253 1782 pag.
299 1732 375 1770 144
417 1745 500 1782 sqq.
545 1732 662 1770 etiam
690 1745 776 1770 cum
803 1731 1065 1790 Peerlcampio
1093 1746 1153 1770 vv.
1184 1732 1288 1770 4-6
1318 1734 1357 1770 et
1385 1745 1472 1770 cum
1501 1731 1568 1770 Fr.

163 1795 357 1834 Ellendtio
385 1797 643 1846 praeultimam
671 1796 868 1846 stropham
896 1797 997 1835 eicit.
1053 1796 1242 1834 Ultimam
1261 1810 1350 1834 vero
1370 1796 1569 1846 stropham

164 1862 296 1899 contra
322 1860 552 1900 Peerlcimm
581 1861 688 1900 enixe
708 1861 891 1899 defendit.
940 1860 1111 1909 „Tales“,
1132 1861 1269 1912 inquit,
1291 1874 1444 1909 „versus
1458 1874 1572 1899 num-

164 1939 281 1975 quam
308 1926 506 1964 fraudator
533 1926 639 1964 fecit.
708 1925 844 1964 Insunt
871 1927 973 1964 nitor
1001 1929 1038 1964 et
1066 1927 1148 1964 soni
1175 1926 1308 1964 molles
1337 1929 1376 1963 et
1404 1926 1572 1971 delicati,

165 1989 232 2039 qui
272 1990 418 2028 nemini
459 1990 711 2040 grammatico
752 1990 1029 2029 ascribentui·“.
1085 1989 1220 2028 Porro:
1256 1989 1481 2037 „Proinde“,
1511 1990 1572 2027 in—

165 2054 261 2103 quit,
310 2054 395 2101 „hic
437 2055 617 2093 carminis
644 2055 836 2093 horatiani
864 2055 950 2093 finis
978 2054 1145 2093 molliter
1174 2058 1212 2092 et
1240 2055 1409 2093 suaviter
1436 2068 1573 2092 sonans

166 2121 422 2164 conservetur,
451 2119 562 2169 quasi
590 2119 672 2165 flos,
707 2121 822 2169 quem
855 2120 901 2157 de
930 2132 1067 2157 corona
1094 2121 1218 2169 poetae
1245 2132 1294 2156 ne
1324 2118 1573 2156 detraxeris“.

166 2181 313 2227 Quibus
340 2183 468 2222 verbis
498 2183 675 2234 equidem
701 2183 884 2223 facillime
914 2183 1109 2222 assentior.
1165 2182 1253 2222 Non
1280 2185 1411 2221 tamen
1438 2182 1573 2233 prohi-

166 2246 271 2292 bent,
301 2248 501 2296 quominus
531 2248 567 2297 c)
596 2247 748 2285 Aeacus
776 2260 867 2298 pag.
897 2248 973 2285 437
1004 2260 1087 2296 sqq.
1117 2249 1239 2284 totum
1268 2260 1434 2292 carmen,
1458 2247 1576 2284 etiam

167 2310 343 2349 ultimam
371 2311 580 2362 stropham,
609 2311 757 2351 reiciat.
800 2311 951 2350 Aeacus
978 2324 1026 2349 ne
1055 2325 1077 2349 a
1097 2311 1277 2361 primario
1293 2311 1450 2362 quidem
1468 2311 1576 2349 frau-

112 2384 114 2386 ’
169 2374 301 2414 datore
342 2376 540 2427 stropham
581 2376 767 2427 scriptam
809 2390 890 2415 esse
923 2378 1047 2426 putat,
1078 2389 1194 2426 quam
1221 2376 1366 2414 nemini
1394 2390 1578 2427 umquam

168 2440 419 2489 grammatico
447 2441 637 2478 tributum
664 2441 713 2479 iri
741 2440 865 2479 Minos
894 2440 1166 2479 affirmarerat.

302 2524 323 2562 ¹)
346 2530 424 2557 Vide
446 2530 588 2557 Sehuetzi
611 2538 679 2557 ann.
