1768 2856
780 195 829 200 —
860 169 919 211 71-
941 195 991 200 -

179 283 267 330 erit,
308 281 401 321 licet
441 281 531 320 talis
572 282 803 334 significatio
846 282 886 321 in
927 281 1051 321 literis
1082 281 1196 320 nobis
1224 281 1378 320 traditis
1406 295 1598 333 nusquam

179 349 275 388 alias
304 349 408 387 certe
437 347 584 386 ostendi
611 348 742 399 possit.

309 412 405 450 Haec
447 412 516 450 ode
558 425 633 450 una
662 426 682 451 e
709 412 943 463 longissimis
971 411 1111 450 Horati
1148 413 1217 450 est.
1275 410 1359 457 Qua
1387 424 1429 449 re
1457 413 1501 449 ut
1527 411 1603 449 im·-

182 477 291 529 petui
330 477 675 527 hypercriticorum
715 478 840 528 magis
875 477 1050 523 obicitur,
1076 467 1135 514 'ita
1162 476 1288 514 minus
1316 476 1362 513 fit
1389 475 1598 514 verisimile

181 555 266 581 eam
308 554 391 579 esse
432 541 615 591 spuriam.
658 541 842 580 Horatius
883 541 985 579 inter
1026 554 1192 579 summos
1235 543 1274 578 et
1315 540 1465 578 infimos
1494 539 1597 578 cele-

180 605 422 645 bratissimus
464 608 547 643 erat
586 619 828 644 romanorum
868 607 994 655 poeta,
1043 618 1161 655 quare
1207 605 1240 642 is
1286 604 1529 655 potissimum
1576 618 1599 642 a

182 657 332 709 Caesare
375 668 544 707 delectus
579 672 648 716 est,
690 672 734 707 ut
775 683 929 708 carmen
970 669 1153 708 saeculare
1195 669 1394 716 scriberet,
1443 669 1483 706 in
1525 669 1599 707 viis

121 751 131 764 ν
180 733 397 784 plateisque
439 734 560 783 digito
601 721 917 784 praetereuntium
958 735 1244 772 monstrabatur
1289 747 1456 771 romanae
1502 733 1599 783 lyrae

181 797 334 844 fidicen,
378 810 506 836 omnes
549 797 691 836 eruditi
718 797 866 836 romani
901 798 1071 836 carmina
1106 798 1186 836 eius
1214 798 1368 849 penitus
1397 801 1599 836 noverunt.

183 862 277 908 Quae
320 875 437 912 quum
478 862 535 900 ita
577 865 715 907 essent,
758 862 941 911 quomodo
985 863 1168 900 credibile
1210 865 1336 912 potest
1378 876 1461 900 esse
1495 863 1599 900 intra

183 925 440 965 brevissinum
467 927 619 977 tempus
634 925 756 964 literis
773 927 811 975 et
831 925 977 964 artibus
991 925 1154 965 maxime
1166 926 1390 965 florentibus
1414 926 1604 965 memoria.

184 993 309 1042 poetae
352 991 498 1029 recenti
542 1004 696 1029 carmen
738 1004 758 1029 e
802 991 850 1028 19
894 991 1060 1040 strophis
1103 992 1352 1040 compositum
1386 992 1426 1029 in
1460 991 1601 1029 Horati

184 1055 329 1105 scripta
369 1055 504 1092 furtim
545 1054 697 1091 illatum
739 1054 897 1103 eiusque
938 1054 1088 1091 nomine
1130 1054 1303 1092 fucatum
1332 1055 1600 1093 circumlatum

186 1122 293 1158 esse?
349 1119 583 1158 Oonfitemur
624 1110 779 1157 carmen
820 1121 950 1157 nostra
992 1118 1148 1168 quidem
1182 1132 1315 1157 norma
1342 1119 1600 1158 iudicantibus

184 1197 259 1221 non
289 1197 370 1221 esse
399 1184 500 1220 inter
529 1183 673 1232 optima
700 1183 933 1228 habendum,
962 1183 1002 1219 id
1031 1183 1130 1232 quod
1145 1185 1333 1232 praeterea
1349 1183 1397 1220 ad
1416 1183 1602 1233 pleraque

186 1247 356 1287 carmina
383 1247 499 1299 longa
527 1247 710 1298 pertinet,
740 1247 806 1286 sed
836 1247 1081 1298 antiquorum
1109 1247 1235 1298 opinio
1255 1247 1369 1299 longe
1389 1247 1464 1286 alia
1483 1247 1602 1286 fuisse

186 1313 350 1359 videtur,
392 1326 483 1350 nam
511 1313 572 1350 vix
600 1312 677 1350 alia
713 1313 781 1350 ode
814 1312 1016 1350 horatiana
1044 1312 1185 1362 saepius
1214 1326 1329 1362 quam
1357 1312 1440 1350 haec
1469 1313 1517 1350 ab
1547 1312 1602 1350 eis

187 1379 478 1415 commemorata
508 1379 565 1415 est
593 1377 654 1415 vel
681 1376 857 1427 pluribus
885 1376 1114 1414 testimoniis
1133 1376 1305 1415 fulcitur.
1348 1375 1478 1426 Atque
1497 1376 1603 1414 nulla

188 1443 246 1479 est
288 1455 414 1487 causa,
458 1455 525 1479 cur
560 1454 645 1479 eam
678 1441 840 1479 Horatio
869 1441 1144 1486 abiudicemus,
1173 1441 1248 1478 nisi
1277 1441 1362 1490 quis
1392 1441 1523 1478 credat
1563 1441 1604 1478 in

189 1505 270 1542 odis
313 1505 393 1542 eius
434 1505 532 1542 nihil
574 1518 656 1542 esse
696 1505 846 1550 melius,
888 1504 987 1541 nihil
1023 1505 1204 1549 deterius,
1234 1504 1301 1542 sed
1328 1506 1483 1553 poetam
1509 1516 1604 1541 uno-

188 1581 338 1618 quoque
380 1568 563 1619 temporis
604 1571 794 1607 momento
840 1568 1055 1619 perfectam
1096 1568 1396 1618 pulchritudinis
1438 1568 1605 1618 speciem

189 1633 379 1683 attigisse.

748 2073 1055 2133 XXVIII.

320 2209 404 2246 Hoc
434 2221 588 2246 carmen
617 2208 813 2258 Gruppius
841 2208 882 2245 in
910 2208 1021 2254 libro,
1051 2208 1118 2257 qui
1146 2208 1302 2246 inscrib.
1350 2207 1480 2252 Aeac„
1510 2219 1604 2256 pag.

196 2273 287 2321 439,
333 2286 560 2325 germanum
603 2286 684 2312 esse
726 2262 890 2324 putavit,
933 2273 1000 2311 sed
1028 2272 1069 2311 in
1111 2286 1200 2324 pag.
1236 2273 1312 2311 569
1349 2272 1490 2311 eisdem
1517 2271 1607 2309 libri

192 2338 454 2388 suimetipsius
482 2338 681 2375 immemor
709 2338 804 2375 dixit
830 2351 904 2375 non
925 2351 1042 2387 supra
1063 2351 1190 2375 omnes
1210 2338 1442 2387 suspiciones
1463 2335 1605 2373 elatum

194 2415 287 2440 esse.
345 2402 471 2448 Quum
499 2415 585 2451 quae
615 2403 741 2440 essent
768 2401 853 2440 istae
882 2401 1128 2452 suspiciones,
1157 2415 1231 2439 non
1260 2400 1408 2446 dixerit,
1438 2399 1511 2437 sibi
1536 2398 1606 2437 soli

194 2479 258 2505 eas
286 2467 441 2505 habeat.
497 2466 621 2505 Nemo
650 2466 748 2504 alius
768 2466 979 2516 quidquam
997 2465 1293 2516 reprehensione
1313 2464 1373 2502 vel
1392 2463 1608 2513 suspicione

194 2529 355 2581 dignum
382 2531 541 2569 invenit.
