1768 2856
755 155 885 193 -72
918 177 966 181 --

736 319 983 378 XXIX.

278 456 425 494 Peerlc.
469 456 625 493 tertiam
654 455 853 505 stropham
895 455 1126 505 repudiavit.
1189 442 1290 500 Quid
1331 455 1424 493 mali
1463 456 1568 502 insit,

145 534 220 558 non
248 520 364 558 facile
392 520 586 558 mehercle
616 522 673 557 est
701 519 844 558 videre.
901 519 944 557 P.
975 520 1093 558 verba
1118 520 1243 557 omitte
1261 520 1401 557 mirari
1417 519 1570 568 fumum

145 584 352 634 vituperat.
402 583 687 631 „Omittimus“,
717 583 856 633 inquit,
892 584 1014 634 „quod
1041 597 1116 621 non
1141 578 1364 633 repetimus,
1385 583 1452 621 sed
1471 583 1566 622 Hor.

144 663 219 688 non
261 651 413 699 poterat
455 662 593 699 rogare
622 648 889 694 Maecenatem,
932 651 976 686 ut
1018 648 1211 698 omitteret
1238 647 1370 686 Romae
1398 647 1567 687 vivere“.

145 712 230 751 Hoc
274 716 404 751 autem
445 726 520 751 non
554 713 718 762 rogavit,
748 713 816 750 sed
844 726 892 750 ne
920 713 1127 750 miraretur
1154 712 1314 750 fumum.
1371 712 1434 750 Ad
1469 712 1569 762 quod

147 777 203 815 ita
222 777 420 827 respondit
440 776 605 815 Peerlc.:
629 777 822 824 „mirari“‚
839 776 978 827 inquit,
1000 778 1158 827 „potest‚
1179 776 1245 826 qui
1264 776 1433 826 primum
1451 776 1568 819 videt,

146 855 180 878 v.
213 855 244 879 c.
275 842 442 878 rusticus
472 842 624 889 aliquis,
654 855 729 878 non
758 841 990 878 Maecenas“.
1048 840 1123 878 Hic
1152 844 1194 877 ut
1222 841 1354 877 multis
1370 840 1456 878 aliis
1475 840 1569 878 locis

145 903 293 943 Peerlc.
324 904 449 944 iocum
480 907 517 943 et
546 904 708 943 ironiam
737 917 812 942 non
841 904 950 951 vidit,
981 917 1066 954 quae
1095 906 1224 942 tamen
1252 916 1300 941 ne
1331 903 1453 942 obiter
1481 903 1568 954 qui-

145 969 233 1006 dem
264 972 301 1006 et
330 969 467 1006 leviter
495 969 690 1018 legentem
718 969 856 1018 fugere
886 969 1030 1006 debuit.

276 1032 472 1083 Gruppius
502 1033 596 1071 dicit
618 1032 647 1082 ¹)
690 1032 837 1071 Peerlc.
868 1032 938 1071 hoc
968 1045 1120 1071 carmen
1148 1033 1271 1070 totum
1292 1032 1323 1081 2)
1367 1031 1568 1079 abiecisse,

146 1099 186 1134 et
228 1098 267 1134 in
302 1098 508 1135 Lehrsium
550 1094 759 1142 invehitur,
797 1098 897 1146 quod
932 1097 1033 1134 idem
1062 1110 1136 1134 non
1165 1097 1269 1134 fecit.
1327 1096 1410 1134 Hoc
1438 1099 1570 1134 tamen

147 1159 213 1198 Gr.
251 1160 466 1199 alucinatus
502 1163 571 1207 est,
606 1174 697 1197 nam
726 1163 769 1197 ut
797 1161 876 1198 iam
911 1160 1071 1197 diximus
1100 1160 1384 1197 Peerlc.solam
1412 1160 1569 1197 tertiam

147 1225 349 1275 stropham
393 1226 547 1272 delevit,
593 1226 638 1264 de
683 1225 843 1276 reliquis
886 1224 1134 1276 repudiandis
1168 1225 1329 1263 verbum
1357 1238 1431 1263 non
1461 1225 1567 1264 dixit.

147 1288 235 1338 Ipse
266 1290 412 1338 primas
442 1291 536 1326 duas
566 1291 744 1339 strophas
765 1290 937 1335 retinuit,
959 1290 1126 1338 reliquas
1146 1290 1456 1338 quattuordecim
1476 1291 1568 1327 abe-

147 1353 219 1404 git.
278 1354 354 1392 Cur
396 1354 451 1392 ita
493 1354 631 1393 fecerit
660 1354 858 1405 Gruppius
886 1367 934 1392 ne
963 1358 1028 1403 γρῦ
1064 1353 1219 1404 quidem
1248 1352 1354 1391 dixit.
1411 1352 1569 1404 Septem

146 1421 278 1466 partes
308 1420 488 1456 carminis
517 1420 710 1456 horatiani
739 1420 971 1456 refutatione
1005 1411 1164 1468 indigna
1185 1419 1370 1456 <videntur
1408 1419 1455 1465 ei,
1500 1420 1566 1468 qui

148 1480 242 1520 adeo
273 1485 330 1520 est
359 1496 496 1529 socors,
527 1485 569 1520 ut
597 1496 645 1520 ne
676 1496 720 1520 ea
758 1483 914 1532 quidem
942 1484 1046 1520 recte
1076 1495 1303 1533 cognoscere
1333 1485 1453 1530 curet,
1484 1498 1569 1534 quae

146 1545 307 1592 Peerlc.‚
351 1547 410 1584 vir
452 1547 517 1584 ille
546 1547 713 1584 maxima
743 1547 927 1587 doctrinae
957 1547 1065 1596 copia
1094 1547 1315 1592 instructus,
1360 1548 1406 1585 de
1436 1550 1569 1587 eodem

147 1610 316 1648 carmine
347 1613 435 1648 ante
466 1624 552 1648 eum
582 1613 785 1648 statuerat.
862 1610 993 1657 „Licet
1013 1611 1097 1648 haec
1113 1611 1258 1648 somnia
1274 1612 1495 1661 praeterire“
1522 1613 1568 1662 3).

752 1894 966 1953 XXX.

279 2031 424 2069 Peerlc.
456 2045 515 2069 vv.
550 2032 594 2068 11
629 2033 667 2068 et
698 2032 745 2068 12
776 2033 1000 2076 summovet,
1045 2045 1129 2081 quae
1167 2045 1228 2070 res
1257 2033 1334 2070 iam
1362 2036 1585 2083 propterea

149 2097 402 2147 improbanda
447 2098 515 2142 est,
565 2096 663 2145 quod
712 2095 911 2133 summotis
958 2095 1018 2133 his
1066 2096 1239 2134 versibus
1286 2097 1436 2147 reliqua
1484 2112 1568 2137 car-

147 2161 262 2199 minis
310 2175 399 2211 pars
448 2161 646 2211 quaternis
693 2160 869 2199 versibus
917 2160 1096 2198 distribui
1142 2174 1217 2199 non
1264 2159 1401 2211 potest,
1450 2176 1567 2212 quam

147 2225 405 2263 distribuendi
448 2226 636 2263 rationem
673 2225 766 2275 quin
809 2225 1054 2274 usurpaverit
1096 2226 1178 2275 ipse
1222 2226 1426 2272 Horatius,⁴
1455 2223 1569 2265 hodie
1611 2258 1616 2262 .

148 2290 319 2327 dubitari
366 2303 441 2327 non
488 2292 626 2339 potest.
698 2289 848 2326 Deinde
892 2292 1120 2338 argumenta
1168 2304 1190 2327 a
1236 2283 1421 2343 Peerlczio
1452 2291 1570 2346 allata

285 2417 305 2454 ¹)
330 2423 418 2450 Aeac.
445 2424 516 2455 467,
542 2431 587 2457 sq.

283 2470 304 2507 ²)
332 2477 386 2510 „In
410 2477 508 2503 ihrem
531 2485 647 2511 ganzen
672 2473 834 2511 Umfang“.

281 2526 304 2563 ³)
328 2531 428 2559 Madv.
453 2531 527 2558 Adv.
552 2531 626 2558 Crit.
651 2531 691 2558 11:
719 2532 767 2558 50.
