1768 2856
744 96 955 135 -65—

728 323 966 383 XXVI.

277 462 373 500 Haec
420 462 490 499 ode
536 462 798 512 pulcherrima
844 462 917 500 ioci
968 462 1273 512 facetiarumque
1326 463 1439 513 plena
1488 468 1556 502 est.

141 525 261 575 Amor
304 540 390 565 cum
431 526 532 564 bello
576 528 833 576 comparatur,
877 529 915 564 et
943 527 1043 565 sicut
1075 527 1218 565 milites
1253 528 1359 566 finito
1390 528 1488 566 bello
1518 529 1559 566 in

141 592 283 642 templo
326 591 464 629 Martis
507 605 614 629 arma
655 592 951 641 suspendebant,
994 592 1049 629 ita
1077 592 1261 630 Horatius
1291 593 1429 631 amoris
1458 593 1559 632 bello

143 657 344 696 defunctus
372 657 413 694 in
440 656 584 706 templo
613 655 776 694 Veneris
805 670 913 694 arma
942 657 1128 695 amatoria
1147 670 1216 694 sua
1235 671 1275 695 se
1296 658 1558 707 depositurum

142 722 247 761 dicit.
305 721 489 767 Quaenam
517 734 606 759 vero
636 723 768 759 arma?
796 744 844 748 ——
866 721 1064 768 Barbiton,
1085 722 1244 768 funalia,
1265 725 1404 768 vectes,
1427 725 1555 762 arcus!

141 787 381 837 Legentibus
422 786 588 824 romanis
629 786 728 824 nihil
769 787 888 825 risum
930 787 1055 837 magis
1084 801 1235 825 movere
1263 788 1401 837 potuit.
1458 787 1557 825 Tum

141 864 229 889 vero
259 850 346 887 finis
376 850 556 888 carminis
586 850 759 888 omnibus
788 851 1006 900 inopinatus
1035 865 1168 889 verum
1197 854 1254 889 est
1282 852 1473 889 horatiani
1494 852 1555 889 in-

141 914 247 967 genii
275 914 440 965 signum.
497 913 650 961 Petens,
679 917 722 952 ut
749 914 881 953 Venus
901 915 1045 954 Chloen
1065 918 1309 967 arrogantem
1329 916 1447 954 semel
1467 918 1554 954 tan-

141 982 221 1030 gat,
264 979 409 1018 indicat
450 993 490 1017 se
531 993 607 1017 non
647 980 772 1030 magis
813 980 955 1018 bellum
998 981 1137 1018 amoris
1171 981 1281 1018 finire
1310 994 1427 1031 quam
1455 981 1554 1018 serio

142 1058 247 1082 arma
288 1044 356 1081 illa
398 1044 438 1081 in
479 1044 622 1094 templo
664 1045 802 1082 'amoris
836 1058 877 1083 re
912 1059 1002 1083 vera
1036 1046 1265 1095 suspendere
1295 1046 1464 1083 animum
1493 1046 1554 1083 in-

141 1109 302 1146 duxisse.

270 1172 362 1218 Quae
402 1173 559 1211 ridendo
589 1174 691 1212 dicta
718 1176 818 1220 sunt,
853 1174 978 1223 inquit
1006 1174 1148 1212 alicubi
1178 1174 1360 1217 Dillenb.,
1391 1174 1553 1211 ridendo

142 1238 258 1276 etiam
299 1241 387 1276 sunt
430 1238 663 1289 accipienda.
721 1238 835 1277 Cuius
878 1239 934 1277 rei
975 1239 1215 1277 immemores
1258 1223 1383 1277 critici
1411 1239 1552 1277 morosi

139 1303 260 1341 multa
288 1317 406 1353 prave
435 1303 679 1353 interpretati
708 1306 807 1341 sunt.
856 1302 997 1341 Omnes
1017 1318 1052 1341 v.
1074 1317 1106 1341 c.
1127 1304 1264 1345 sciunt,
1295 1317 1410 1352 quam
1429 1303 1552 1340 multa

139 1367 311 1405 homines
341 1367 387 1405 de
416 1368 606 1406 amoribus
635 1367 773 1406 Horati
801 1367 1024 1417 scripserint
1052 1381 1126 1405 non
1146 1367 1437 1406 considerantes
1450 1381 1550 1413 eum,

138 1431 171 1468 si
208 1432 376 1469 omnium
414 1433 462 1469 ab
492 1445 533 1469 eo
562 1432 842 1470 nominatarum
870 1432 1100 1469 feminarum
1130 1445 1256 1469 amore
1286 1431 1454 1476 arsisset,
1483 1445 1550 1469 ve—

137 1508 224 1532 rum
264 1494 448 1545 Priapum
489 1496 662 1534 futurum
689 1496 819 1533 fuisse.
876 1496 1021 1533 Eodem
1049 1499 1157 1533 modo
1186 1495 1308 1532 multa
1337 1495 1412 1532 alia
1441 1495 1552 1544 quasi

138 1559 235 1597 serie
265 1560 368 1598 dicta
396 1560 639 1610 intellegunt,
669 1573 786 1610 quum
815 1559 891 1597 sint
918 1573 1046 1597 merus
1075 1559 1257 1609 fingentis
1287 1559 1405 1596 animi
1433 1558 1551 1596 lusus.
1603 1562 1608 1566 '

138 1622 246 1668 Quod
282 1624 315 1661 si
343 1624 400 1669 fit,
436 1623 550 1661 facile
580 1626 637 1660 est
665 1623 770 1660 mille
800 1623 1045 1661 difficultates
1075 1626 1113 1661 et
1140 1623 1414 1673 perversitates
1443 1623 1551 1661 inve-

137 1688 232 1726 nire.
288 1687 349 1725 Ita
392 1688 507 1725 etiam
549 1688 588 1724 in
629 1687 700 1725 hoc
743 1687 910 1725 carmine
952 1687 1098 1725 factum
1141 1689 1210 1725 est.
1272 1687 1408 1737 Unger
1437 1687 1551 1732 enim,

143 1752 250 1802 „quis
278 1752 473 1799 tandem“,
502 1751 639 1802 inquit,
675 1764 763 1801 „pro
793 1753 895 1789 certo
925 1751 1194 1802 exploratoque
1221 1751 1470 1789 affirmaverit
1488 1751 1551 1789 fu-

137 1817 241 1855 nalia
270 1820 308 1855 et
336 1820 463 1855 vectes
493 1819 708 1866 ceteraque,
739 1830 899 1865 quorum
928 1816 1084 1866 quidem
1103 1830 1194 1854 usus
1214 1816 1313 1854 nihil
1331 1816 1551 1866 profuisset.

138 1895 160 1919 a
188 1882 307 1919 servis
337 1884 539 1932 apportata
567 1881 711 1919 Veneri
739 1881 915 1918 dedicata
943 1880 1089 1918 fuisse?
1119 1903 1168 1907 -—
1201 1903 1249 1907 -
1282 1903 1330 1906 ——
1361 1894 1552 1930 quamque

137 1946 236 1983 bello
279 1949 367 1983 sunt
404 1945 619 1995 spectaculo
656 1945 828 1982 dominus
857 1945 940 1994 ipse
968 1945 1094 1995 lyram
1122 1959 1375 1995 suspensurus
1404 1947 1443 1982 et
1471 1959 1551 1983 ser-

137 2023 269 2048 vorum
311 2011 425 2048 turba
466 2010 506 2047 in
548 2010 678 2047 eodem
720 2009 870 2058 pariete
898 2011 1027 2047 vectes
1055 2009 1279 2059 funaliaque
1307 2009 1464 2047 iamiam
1493 2009 1551 2046 af-

137 2074 302 2113 fixura‘?“
364 2074 439 2113 Sed
480 2074 636 2112 ubinam
678 2074 864 2124 gentium,
910 2074 1062 2112 obsecro
1092 2074 1207 2112 fidem
1236 2077 1415 2119 vestram,
1445 2074 1550 2123 quis-

138 2152 253 2188 quam
285 2140 360 2177 fuit
389 2140 481 2177 adeo
510 2139 676 2184 demens,
719 2140 762 2175 ut
800 2138 974 2176 crederet
1002 2138 1207 2176 Horatium
1235 2138 1332 2176 serio
1360 2139 1435 2175 ista
1464 2138 1547 2175 effi·-

138 2216 222 2241 cere
266 2204 306 2241 in
341 2204 464 2242 animo
493 2202 698 2241 habuisse?
754 2202 817 2240 An
846 2202 1007 2241 Horatio
1036 2216 1111 2241 non
1139 2205 1181 2241 ut
1210 2202 1296 2240 aliis
1324 2202 1447 2252 poetis
1475 2202 1548 2239 fin-

137 2279 229 2317 gere
257 2268 366 2307 licuit
394 2268 474 2306 sive
502 2267 668 2313 mentiri,
698 2267 731 2304 si
760 2267 913 2317 cupiam
940 2268 996 2305 ita
1025 2267 1150 2306 dicere
1179 2267 1303 2317 magis
1332 2266 1488 2316 placet?

264 2333 459 2371 Praeterea
486 2332 622 2382 Unger
651 2332 678 2369 &
706 2331 853 2370 Peerlc.
884 2332 1099 2370 offensionis
1129 2345 1261 2370 causas
1290 2344 1443 2380 prorsus
1464 2344 1549 2368 eas-

138 2395 224 2434 dem
265 2397 305 2434 in
347 2397 504 2447 stropha
542 2396 663 2434 altera
691 2395 903 2434 inveniunt.
959 2395 1133 2446 Uterque
1162 2409 1201 2433 se
1230 2396 1378 2445 praebet
1406 2395 1549 2445 hyper-

138 2461 325 2509 criticum,
354 2464 515 2512 uterque
544 2474 612 2499 sua
641 2460 801 2499 adhibet
827 2460 1095 2507 medicamina,
1124 2460 1189 2498 ille
1215 2460 1335 2498 malas
1356 2460 1549 2498 coniectu-

1402 2528 1418 2553 5
