1768 2856
875 204 1086 267 467—

274 338 482 388 effringere
524 338 694 381 conatur,
737 334 770 372 is
811 334 939 372 nescio
983 347 1029 371 an
1058 347 1134 371 non
1163 334 1314 371 dubitet
1342 347 1434 372 arcu
1461 334 1627 372 invisum
1654 337 1694 373 et

272 401 453 442 timidum
494 399 697 438 ianitorem
739 398 946 444 deterrere,
988 411 1037 436 ne
1079 398 1150 450 sit·
1178 398 1464 448 impedimento.
1548 398 1691 443 Quam-

274 467 405 505 obrem
445 463 552 502 nulla
595 465 653 501 est
694 475 821 508 causa,
865 475 933 501 cur
968 462 1136 500 omnium
1164 462 1337 500 codicum
1379 464 1418 500 et
1464 461 1694 500 scholiarum

276 529 482 569 lectionem
509 532 713 573 mutemus,
747 526 889 564 nedum
917 526 1115 576 stropham
1142 525 1314 576 spuriam
1341 525 1564 564 habeamus.

403 592 594 641 Equidem
621 590 750 628 facere
778 603 854 627 non
877 603 1044 639 possum,
1074 590 1168 639 quin
1188 590 1480 639 explicationem
1500 590 1692 639 quandam

272 656 387 696 huius
416 654 598 694 carminis
625 654 863 705 impugnem,
894 667 979 704 quae
1008 653 1041 692 si
1058 667 1160 700 *vera
1189 655 1301 700 esset,
1330 653 1602 704 hypercriticis
1630 653 1693 691 fu-

272 721 371 760 turis
408 733 540 758 ansam
578 718 626 756 ad
654 719 1012 769 reprehendendum
1039 719 1244 757 Horatium
1272 719 1477 769 praeberet.
1535 718 1693 756 Carolus

273 783 465 822 Frankius
507 783 548 820 in
589 782 712 832 primo
754 795 867 820 versu
907 796 976 833 pro
1010 782 1153 833 puellis
1194 782 1357 821 coniecit
1399 782 1547 831 duell-is,
1592 781 1694 832 quod

272 848 404 888 multis
434 847 644 886 editoribus
674 847 816 894 arrisit,
845 847 946 886 inter
974 861 1067 898 quos
1095 850 1184 886 sunt
1203 847 1421 886 Meinekius
1442 850 1480 886 et
1499 847 1543 885 L.
1565 846 1692 885 Muel-

274 913 344 951 ler.
413 912 490 950 Hic
532 912 588 949 ita
628 912 904 962 interpretatus
947 915 1016 958 est,
1059 913 1169 962 quasi
1211 913 1348 950 duellis
1384 925 1517 950 verum
1546 911 1692 949 bellum

274 976 525 1027 significaret,
574 976 718 1014 bellum
760 976 907 1014 scilicet
949 977 1073 1022 civile,
1117 977 1179 1015 cui
1221 976 1405 1014 Horatius
1447 976 1689 1013 interfuerat.

272 1039 600 1078 Prudentissimus
630 1042 758 1077 autem
787 1040 948 1090 quisque
975 1040 1181 1091 intellegit,
1213 1054 1328 1090 quam
1347 1040 1398 1077 sit
1417 1039 1512 1077 aleae
1531 1039 1691 1089 plenum

274 1104 354 1142 sola
382 1104 558 1154 quamvis
588 1104 758 1154 eleganti
778 1104 996 1142 coniectura
1014 1105 1143 1142 nixum
1162 1104 1386 1155 refragante
1406 1103 1540 1153 quovis
1561 1103 1690 1141 codice

275 1168 435 1207 carmini
468 1182 623 1217 prorsus
659 1168 763 1205 aliud
792 1171 1061 1218 argumentum
1089 1169 1275 1214 subicere,
1306 1182 1423 1218 quam
1451 1168 1551 1217 quod
1580 1167 1688 1205 codd.

274 1231 384 1269 nobis
419 1231 631 1281 praebeant,
671 1245 764 1282 quos
799 1232 831 1270 si
860 1232 1066 1282 sequimur,
1095 1232 1180 1270 fieri
1207 1245 1283 1270 non
1310 1234 1449 1282 potest,
1480 1231 1573 1281 quin
1602 1245 1690 1269 cum

274 1295 538 1345 Porphyrione
571 1297 680 1334 nobis
710 1296 975 1346 explicandum
1003 1298 1070 1335 sit:
1106 1297 1212 1343 „Hac
1242 1297 1310 1334 ode
1339 1297 1492 1334 videtur
1519 1296 1598 1333 iam
1626 1309 1688 1332 re-

278 1359 457 1397 nuntiare
500 1360 732 1398 carminibus
775 1363 814 1398 et
854 1360 976 1411 lyram
1019 1374 1240 1399 consecrare
1281 1362 1321 1398 et
1354 1372 1484 1397 amare
1510 1359 1688 1397 desinere.

273 1424 512 1475 Allegoricos
540 1425 718 1463 militiam
747 1439 913 1463 amorem
941 1427 1085 1464 vocat.“
1136 1425 1181 1463 L.
1211 1424 1376 1463 Mueller
1405 1426 1548 1468 contra,
1584 1423 1688 1469 „Ho—

275 1488 431 1534 ratius‚“
466 1488 603 1538 inquit,
639 1489 781 1536 „fessus
809 1489 887 1527 iam
914 1489 1014 1527 bello
1046 1492 1169 1527 totum
1197 1502 1237 1527 se
1266 1488 1386 1526 amori
1415 1488 1507 1525 dare
1542 1487 1688 1537 cupit“.

236 1561 241 1564 ’
276 1551 393 1590 Codd.
415 1553 448 1590 si
476 1553 683 1603 sequimur,
713 1553 895 1592 Horatius
923 1556 1104 1603 provecta
1133 1556 1247 1592 aetate
1277 1566 1431 1591 carmen
1459 1552 1627 1601 scripsit,
1656 1552 1690 1589 si

274 1615 460 1654 Muellero
490 1631 681 1667 paremus,
711 1631 864 1655 carmen
891 1617 932 1654 in
959 1617 1095 1667 primis
1124 1618 1172 1655 ab
1194 1630 1235 1655 eo
1256 1616 1411 1666 scriptis
1431 1628 1688 1661 numeremus,

272 1693 429 1719 necesse
459 1683 517 1719 est
545 1680 711 1732 (nuper).
768 1681 918 1720 Deinde
952 1682 1082 1728 verba,
1113 1695 1199 1731 quae
1228 1683 1317 1719 sunt
1336 1681 1499 1718 militavi
1517 1693 1592 1718 non
1610 1681 1692 1717 sine

273 1744 397 1794 gloria
420 1745 448 1794 ¹)
491 1745 736 1783 iactationem
776 1745 879 1782 haud
921 1759 1059 1795 parum
1087 1746 1289 1795 resipiunt.
1346 1744 1444 1782 Tum
1472 1758 1561 1782 vero
1590 1743 1687 1780 illud

273 1807 496 1848 defunctum
533 1809 633 1848 bello
662 1809 839 1848 barbiton
867 1809 959 1860 quid
988 1809 1063 1848 sibi
1091 1809 1198 1848 vult?
1254 1809 1299 1848 L.
1329 1808 1495 1847 Mueller
1524 1808 1690 1859 explicat

272 1873 442 1912 barbiton
485 1888 559 1912 non
601 1876 764 1924 amplius
806 1875 900 1912 bella
941 1879 1157 1912 cantarum.
1214 1873 1290 1912 Sed
1329 1874 1397 1926 ubi
1439 1873 1577 1911 Horati
1604 1873 1690 1922 lyra

272 1936 375 1975 bella
411 1938 574 1976 cecinit?
630 1937 742 1984 Quid,
772 1938 872 1988 quod
900 1937 1086 1976 Horatius
1115 1950 1289 1988 persaepe
1319 1937 1514 1976 confessus
1544 1938 1601 1974 est
1628 1935 1689 1987 ly-

271 2014 354 2039 ram
387 2016 496 2040 suam
526 2003 573 2040 ad
601 2002 703 2040 bella
732 2003 902 2040 canenda
930 2002 1088 2040 minime
1117 2003 1236 2040 fuisse
1266 2005 1398 2051 aptam
1426 2001 1473 2049 (12
1505 2003 1541 2046 6,
1571 1999 1621 2038 II:
1654 2002 1689 2046 1,

271 2061 322 2101 H:
356 2066 418 2111 12,
447 2065 517 2103 III:
548 2067 585 2111 3,
614 2064 681 2102 IV:
713 2066 749 2110 2,
780 2065 889 2114 alibi)
910 2065 967 2114 ²)?
1023 2065 1173 2111 Quanto
1203 2065 1343 2103 melius
1364 2067 1422 2103 est
1442 2077 1528 2103 cum
1547 2063 1689 2113 Porph.

273 2129 483 2179 explicare:
527 2130 716 2181 siqnifieat
752 2122 901 2168 amores
942 2143 1029 2168 suos
1064 2144 1102 2168 se
1130 2131 1272 2168 barbito
1300 2132 1473 2168 cecinisse
1501 2132 1539 2167 et
1566 2131 1691 2166 totum

273 2205 426 2232 carmen
474 2194 740 2245 „allegoricos“
788 2193 1015 2245 intellegere
1050 2193 1179 2243 (ovid.
1218 2194 1306 2232 Am.
1348 2195 1382 2240 1,
1414 2194 1449 2239 9,
1482 2194 1515 2231 l:
1546 2192 1691 2230 militat

272 2258 393 2297 omnis
432 2273 575 2304 amans,
619 2261 657 2297 et
689 2258 809 2297 habet
850 2273 919 2297 sua
954 2262 1080 2298 castra
1109 2259 1280 2310 cupido)!
1337 2259 1395 2297 Ac
1423 2258 1456 2296 si
1484 2257 1688 2296 lectionem

405 2430 426 2466 ¹)
450 2435 583 2462 fortasse
609 2435 734 2468 „relicta
756 2443 817 2462 non
839 2435 917 2462 bene
939 2436 1111 2470 parmula„.

404 2481 427 2520 ⁹)
449 2488 598 2516 Horatius
620 2488 678 2515 hoc
702 2488 835 2515 carmine
857 2496 991 2524 groecum
1014 2488 1148 2524 aliquem
1169 2489 1294 2524 poetam
1309 2488 1448 2515 imitatus
1465 2494 1533 2513 esse
1548 2485 1683 2517 videtur,

272 2546 298 2568 e.
311 2548 340 2575 g.
376 2541 519 2570 Alcaeum.
564 2543 621 2570 Hic
644 2543 748 2570 autem
770 2542 836 2570 iure
860 2542 961 2571 dicere
983 2543 1087 2579 potuit
1109 2543 1253 2570 barbiton
1276 2550 1344 2569 esse
1367 2541 1458 2569 bellis
1482 2539 1562 2574 (vere
1585 2539 1685 2574 gestis

272 2593 429 2627 canendis)
454 2596 642 2629 defunctum,
686 2596 835 2623 Horatius
858 2605 919 2624 non
941 2597 994 2624 ita.
1319 2586 1321 2588 ¹
