1768 2856
795 167 1007 207 -56-

190 281 239 319 ad
281 279 493 319 clausulam
537 279 777 317 efficiendam
818 279 1065 330 partiumque
1102 279 1369 318 concinnitatis
1398 292 1514 318 causa
1540 292 1615 317 ne-
1653 322 1661 330 ,

190 345 358 384 cessaria
387 347 444 382 est
473 347 512 382 et
541 358 696 382 carmen
724 345 886 394 abrepta
915 358 961 382 ea
987 343 1209 381 mutilatum
1237 346 1306 382 est.
1336 344 1520 382 Lehrsius
1539 343 1615 382 hoc.

189 410 325 447 videns
344 411 468 458 putat,
489 408 523 445 si
542 409 702 458 stropha
721 408 927 446 subditicia
946 407 1148 454 habeatur,
1167 421 1324 447 necesse
1345 421 1427 447 esse
1441 410 1616 446 statuere-

191 487 418 524 germanam
459 473 658 523 stropham
696 487 718 511 a
759 474 858 511 falsa
898 473 1056 523 stropha
1090 475 1281 511 extrusam
1310 474 1505 512 excidisse.
1569 472 1616 522 2)

191 538 360 587 Stropha
402 538 557 586 optimis
599 537 830 575 testimoniis
865 537 1014 574 nititur.
1077 536 1166 574 Non
1193 537 1303 575 modo
1333 550 1417 575 eam
1446 550 1616 575 comme--

191 604 389 641 morarunt
431 601 492 650 (ut
534 601 710 639 omittam
738 602 1022 646 Hildebertum,
1051 601 1148 652 phil.
1177 601 1329 651 moral.)
1358 601 1475 640 schol.
1504 601 1611 640 Pers.

193 668 230 711 2,
262 667 325 711 75,
354 666 510 704 Servius
540 666 589 703 ad
617 666 716 703 Aen.
747 667 784 712 5,
816 667 905 711 745,
935 666 1002 703 sed
1031 666 1149 703 etiam
1167 666 1310 703 imitati
1329 668 1419 703 sunt
1437 665 1613 703 Tibullus

194 729 451 781 (Lygdamus)
482 730 518 776 4,
551 730 586 776 1,
619 730 687 775 14;
718 731 755 775 3,
787 732 823 776 4,
856 731 905 768 10
934 731 1080 778 (omnia
1108 731 1226 768 noctis
1252 730 1362 779 farre
1374 731 1442 780 pio
1455 730 1621 780 placant·

194 799 227 831 et
255 795 411 832 saliente
438 795 555 842 mica)
585 797 623 832 et
653 793 722 832 Ov.
754 794 859 832 Fast.
896 795 1025 839 4,409.
1082 794 1386 844 Refragantibus
1430 794 1615 833 eiusmodi

194 858 424 897 testimoniis
453 858 652 909 stropham
680 859 853 909 spuriam
880 859 1024 898 habere
1053 859 1263 898 absurdum
1292 861 1361 898 est.

326 923 401 961 Sed
437 924 528 973 quia
563 924 756 961 sententia
786 924 834 972 ad
864 924 1130 974 explicandum
1159 924 1325 962 difficilis
1355 927 1425 970 est,
1455 924 1620 973 stropha

197 989 315 1026 etiam
350 1002 372 1025 a
406 987 601 1025 Meinekio
632 990 690 1025 est
718 988 934 1038 repudiata.
991 987 1252 1037 Reprehensio
1282 988 1322 1026 in
1351 987 1619 1038 grammaticis

198 1055 236 1090 et
277 1052 448 1091 metricis
477 1053 592 1090 rebus
622 1052 696 1089 sita
725 1052 869 1090 iniusta
898 1055 968 1090 est.
1024 1052 1170 1090 Peerlc.
1200 1055 1304 1091 recte
1334 1052 1429 1090 illud
1457 1052 1615 1090 mollibit
1649 1074 1651 1080 ν

198 1117 368 1162 damnat,
412 1130 498 1166 quae
532 1117 642 1154 verbi
671 1116 794 1153 forma
822 1117 863 1153 in
892 1116 1030 1154 Horati
1060 1116 1294 1154 carminibus
1323 1116 1405 1154 sine
1433 1116 1513 1153 ulla
1542 1116 1613 1153 du—

197 1181 385 1219 bitatione
414 1180 573 1218 ferenda
600 1194 675 1218 non
705 1183 775 1225 est,
806 1181 1044 1218 admittenda
1072 1194 1160 1218 vero
1191 1183 1248 1218 est
1273 1180 1386 1219 lectio
1407 1180 1616 1229 (mollivit),

199 1258 285 1293 quae
316 1247 374 1282 est
401 1245 441 1281 in
471 1245 578 1282 codd.
594 1245 736 1297 primi,
766 1247 810 1282 ut
839 1245 894 1281 ait
918 1244 1064 1289 Keller,
1095 1244 1236 1281 ordinis
1257 1244 1284 1281 &
1305 1245 1407 1293 apud
1425 1244 1616 1282 Acronem

197 1308 590 1359 Porphyrionemque.
635 1308 809 1358 quamvis
853 1309 1158 1359 repugnantibus
1200 1307 1239 1346 II
1275 1308 1301 1346 &
1330 1307 1389 1346 III
1418 1308 1616 1347 classibus.

198 1373 336 1422 Neque
380 1375 449 1418 est,
494 1387 561 1411 cur
596 1373 753 1410 elisione
783 1373 822 1410 in
846 1374 913 1422 pio
942 1377 975 1410 et
1003 1373 1250 1410 offendamur.
1307 1372 1410 1410 Nam
1442 1373 1480 1422 1)
1511 1373 1621 1411 elisio

199 1451 301 1487 saepe
344 1438 389 1475 fit
431 1440 519 1475 ante
562 1441 606 1485 et,
651 1437 692 1485 2)
722 1437 824 1486 quod
852 1436 1036 1474 Horatius
1064 1436 1199 1486 longas
1228 1437 1378 1474 vocales
1406 1437 1549 1475 invitus
1579 1437 1618 1475 in

198 1500 348 1538 melicis
378 1500 499 1546 elidit,
528 1501 600 1538 hoc
628 1513 703 1538 non
732 1500 901 1549 pertinet
930 1501 977 1537 ad
998 1500 1165 1549 longam,
1196 1514 1282 1549 quae
1304 1503 1413 1546 esto,
1433 1502 1617 1547 vocalem,

200 1564 242 1607 3)
286 1577 328 1601 ex
373 1565 547 1603 omnibus
590 1564 670 1601 odis
715 1563 882 1601 elidendi
916 1563 1075 1601 libertas
1110 1563 1150 1601 in
1184 1563 1299 1601 tertio
1327 1563 1425 1602 libro
1454 1567 1619 1607 maxima

200 1631 270 1675 est,
304 1629 368 1667 ubi
396 1629 521 1679 longae
551 1628 701 1667 vocales
730 1628 934 1678 quinquies
970 1631 1008 1665 et
1042 1628 1159 1666 vicies
1194 1628 1426 1667 eliduuntur.
1475 1630 1619 1670 Vocem

194 1695 262 1743 plo
290 1693 496 1730 iambicam
526 1706 607 1730 esse
636 1692 692 1729 nil
720 1692 852 1738 refert,
896 1705 985 1729 nam
1015 1705 1070 1729 ex.
1100 1694 1200 1737 sunt,
1230 1692 1297 1729 ubi
1318 1693 1436 1730 etiam
1455 1694 1495 1732 in
1518 1696 1625 1734 eius--

200 1757 302 1795 modi
331 1757 527 1796 vocabulis
556 1756 790 1807 synaloephe
820 1758 878 1794 est
907 1756 1073 1794 admissa
1095 1756 1137 1805 ¹).

331 1822 543 1867 Sententia,
587 1835 673 1871 quae
716 1821 756 1858 in
793 1821 869 1858 fine
900 1820 1081 1858 carminis
1111 1820 1312 1869 aptissima
1341 1821 1506 1869 videtur,
1536 1824 1625 1864 haec·

204 1889 278 1924 est:
309 1886 350 1923 Si
378 1886 557 1923 innocens
586 1898 722 1922 manus
752 1898 859 1921 aram
886 1884 1027 1933 tangit,
1057 1897 1132 1921 non
1161 1884 1344 1922 sumtiosa
1363 1885 1488 1924 hostia
1509 1888 1627 1926 blan-

204 1950 287 1988 dior
316 1950 397 1987 deis
427 1952 496 1994 est,
532 1962 648 1998 quam
676 1948 736 1986 far
765 1948 872 1998 pium
902 1950 940 1985 et
969 1947 1108 1986 saliens
1137 1948 1248 1986 mica.
1305 1948 1401 1988 Haec
1429 1953 1627 1991 sententia.

205 2017 244 2052 et
285 2014 448 2064 pulchra
492 2016 530 2050 et
573 2015 664 2062 apta
707 2015 818 2057 esset,
864 2014 902 2050 et
945 2026 1031 2050 cum
1074 2026 1118 2049 ea
1148 2013 1323 2062 opinione
1353 2018 1627 2062 consentanea,

203 2092 320 2128 quam
363 2077 429 2114 alii
472 2090 623 2126 quoque
666 2076 871 2126 scriptores
916 2076 1064 2125 antiqui
1107 2075 1197 2124 (exti
1240 2090 1354 2115 causa
1383 2077 1544 2129 Seneca)
1575 2080 1622 2118 de

203 2143 319 2181 rebus
362 2141 502 2180 divinis
544 2141 753 2179 habebant.
824 2140 865 2178 Si
894 2140 1016 2191 igitur
1046 2142 1225 2178 immunis
1253 2142 1355 2180 idem
1384 2143 1625 2193 significaret

204 2207 305 2256 quod
339 2206 521 2243 innocens
552 2207 590 2242 et
617 2209 835 2254 sumptuosa
863 2204 985 2242 hostia
1012 2218 1081 2254 pro
1110 2204 1344 2243 nominativo
1373 2205 1510 2245 haberi
1538 2221 1626 2258 pos-

204 2273 301 2318 sent,
321 2270 403 2309 sine
424 2270 539 2308 dubio
558 2283 669 2308 nemo
698 2269 893 2320 stropham
922 2269 1168 2308 subditiciam
1197 2270 1370 2309 haberet.
1426 2271 1512 2310 Tali
1539 2286 1621 2311 mo·-

205 2336 250 2373 do
308 2335 426 2372 etiam
466 2334 579 2372 multi
622 2334 824 2384 explicant,
882 2334 937 2371 ita
978 2337 1119 2379 tamen,
1162 2337 1206 2371 ut
1241 2335 1362 2384 spinis
1410 2338 1449 2373 et
1489 2336 1624 2375 metri-

205 2400 259 2439 cis
290 2402 328 2438 et
356 2399 396 2437 in
425 2412 598 2437 sermone
627 2398 837 2437 latentibus
865 2401 1101 2449 pungantur.

339 2484 360 2521 ¹)
395 2488 472 2515 Vide
506 2488 681 2520 Waltzium‚
709 2488 789 2522 „Des
812 2485 1012 2521 variations“,
1041 2490 1098 2515 cet.
1127 2497 1200 2523 pgg.
1228 2490 1298 2521 171,
1326 2489 1396 2521 174,
1426 2489 1462 2517 L.
1486 2488 1625 2518 Mueller.

204 2544 290 2578 praef.
315 2542 456 2570 XXXIII.
