1768 2856
839 206 1049 243 —11—

234 313 427 363 corrigere
470 314 628 351 conatur
670 312 913 363 omniumque
956 313 1259 363 conspiratorum
1299 313 1430 351 labore
1481 316 1650 353 carmina

233 377 431 417 simillima
471 377 569 414 fiunt
609 377 697 415 urbi
740 377 788 415 ab
829 377 1004 415 hostibus
1040 380 1201 416 vastatae
1231 380 1270 415 et
1297 377 1471 415 funditus
1499 379 1649 426 deletae,

236 456 280 480 ex
321 455 398 492 qua
438 441 559 480 ruinae
602 441 691 480 solae
725 443 874 480 restant
902 442 1072 492 antiquae
1100 442 1399 493 magnificentiae
1428 446 1652 481 revocantes

141 510 143 514 ⁴
176 557 179 559 ⁴
234 506 470 553 memoriam,
512 506 553 544 in
595 506 734 556 quibus
775 506 809 544 si
849 520 910 545 vv.
953 505 1024 550 III:
1071 507 1105 552 1,
1150 507 1254 544 1—4
1295 506 1496 551 inscribas,
1544 507 1652 544 nobis

232 570 297 609 ¹vel
338 570 469 608 invitis
512 584 599 608 cum
639 570 824 608 Peerlctio
867 570 908 607 in
948 572 1117 608 mentem
1159 571 1264 608 venit
1306 570 1402 608 illud
1430 570 1653 620 parturiunt

235 637 393 672 montes

364 698 420 737 Ut
462 712 483 736 a
525 698 711 736 Peerlotio
739 698 981 748 incipiamus,
1024 698 1057 736 is
1086 698 1225 736 harum
1253 712 1316 736 sex
1346 699 1504 736 odarum
1532 699 1654 736 ruinis

235 776 375 802 novum
416 762 579 800 extruxit
627 762 844 807 aedificium,
887 762 988 811 quod
1023 762 1194 812 appellat
1227 776 1403 809 „carmen
1432 763 1653 813 gnomicum

236 826 522 876 longissimum“
564 828 602 863 et
636 826 677 862 in
709 825 964 875 appendicula
991 826 1082 863 libri
1111 826 1170 863 sui
1198 826 1330 864 formis
1360 827 1654 864 describendum

236 890 398 935 curavit,
442 890 489 927 ad
533 889 632 939 quod
667 889 706 927 in
742 889 869 939 priore
906 890 1070 928 editione
1100 891 1216 928 etiam
1245 890 1421 941 strophas
1450 890 1652 929 nonnullas

237 955 416 992 carminis
457 953 528 992 III:
574 954 652 992 162i
693 967 741 991 ne
780 954 912 991 eodem
939 956 1059 992 metro
1089 955 1244 1004 quidem
1273 955 1407 1005 scripti
1437 955 1650 993 addiderat.

237 1018 400 1056 Varium
427 1031 516 1056 vero
546 1020 584 1056 et
611 1018 772 1056 mixtum
799 1018 1073 1068 turbatumque
1103 1021 1160 1056 est
1189 1032 1292 1069 opus.
1341 1018 1652 1057 Violentissimas

238 1083 431 1121 atheteses
461 1085 499 1121 et
526 1082 842 1132 transpositiones
870 1083 1084 1132 usurpavit.
1131 1083 1186 1121 Ut
1213 1086 1299 1133 post
1327 1087 1394 1121 str.
1425 1085 1448 1121 2
1471 1084 1652 1122 carminis

240 1147 332 1185 lxmi
365 1147 492 1197 posuit
521 1149 588 1184 str.
621 1147 640 1184 1
674 1146 741 1184 czis
770 1147 807 1191 5,
836 1149 922 1196 post
950 1149 1017 1184 str.
1048 1147 1072 1184 4
1102 1147 1168 1185 ctis
1198 1148 1219 1184 2
1250 1150 1316 1185 str.
1348 1149 1370 1184 2
1401 1148 1469 1185 ctis
1499 1149 1535 1193 5,
1565 1151 1651 1197 post

237 1213 305 1249 str.
353 1211 401 1248 14
436 1211 504 1249 czis
539 1211 561 1248 5
592 1213 659 1248 str.
690 1211 712 1248 5
744 1210 812 1248 ctis
841 1211 877 1256 2,
908 1213 980 1248 cet.
1037 1210 1130 1255 Quae
1160 1212 1284 1249 omnia
1312 1214 1516 1261 propterea
1544 1212 1650 1257 fecit,

203 1275 207 1280 '
238 1275 338 1324 quod
365 1275 407 1311 in
435 1275 607 1312 codicum
636 1274 869 1312 carminibus
897 1284 1033 1312 nexum
1061 1275 1337 1312 sententiarum
1355 1288 1431 1312 non
1449 1275 1651 1320 intellexit,

238 1339 322 1389 ipse
364 1341 497 1377 autum
537 1338 639 1377 hunc
673 1351 811 1376 nexum
843 1352 891 1376 ne
919 1338 997 1376 hilo
1026 1338 1180 1388 quidem
1207 1338 1403 1377 meliorem
1431 1353 1533 1389 saepe
1562 1353 1651 1377 vero

239 1403 467 1441 deteriorem
508 1403 602 1442 fecit
624 1403 666 1452 ¹).
722 1402 857 1452 Aeque
899 1415 1040 1453 magna
1075 1403 1169 1440 fides
1197 1403 1375 1441 habenda
1404 1406 1473 1449 est‚
1504 1404 1537 1440 si
1565 1404 1651 1453 quis

237 1467 400 1507 Peerlc:i
443 1481 597 1507 carmen
638 1468 857 1519 gnomicum
891 1467 1155 1518 longissimum
1184 1468 1316 1506 eodem
1343 1468 1452 1506 modo
1482 1471 1651 1507 tractare

238 1533 344 1579 velit,
388 1547 461 1582 quo
491 1533 573 1582 ipse
603 1533 774 1570 codicum
802 1533 891 1570 odas
920 1532 1069 1570 vexavit
1099 1555 1146 1559 —
1178 1533 1295 1570 donec
1324 1533 1422 1569 nihil
1451 1546 1494 1570 ex
1524 1533 1652 1570 horati

240 1597 473 1636 carminibus
502 1599 633 1635 restet.
1212 1601 1218 1606 '

368 1661 517 1711 Gruppi
545 1662 669 1698 Minos
697 1662 820 1710 primo
846 1661 892 1698 de
910 1660 1095 1698 Peerlctio
1116 1661 1302 1710 queritur,
1331 1674 1456 1710 neque
1476 1675 1516 1698 se
1536 1675 1647 1710 posse

238 1726 436 1777 ignoscere
480 1725 584 1771 dicit,
628 1725 728 1775 quod
760 1724 998 1763 mutilaverit
1030 1738 1260 1775 pessumque
1290 1725 1439 1763 dederit
1467 1725 1648 1775 pulcher-

238 1791 336 1828 rima
365 1790 547 1835 carmina,
576 1789 890 1839 transpositiones
919 1791 1048 1826 autem
1075 1789 1269 1827 rarissime
1299 1789 1556 1827 admittendas
1576 1790 1647 1828 hoc

239 1854 319 1892 loco
362 1867 480 1903 quum
508 1844 665 1890 inutiles
692 1855 776 1890 tum
803 1852 1036 1902 periculosas
1070 1865 1164 1897 esse,
1193 1852 1422 1890 Peerlc:ium
1454 1855 1651 1903 tamquam

238 1920 503 1968 corruptorum
531 1917 700 1956 sodalem
729 1920 768 1955 et
796 1917 1013 1963 satellitem,
1044 1917 1230 1967 quidquid
1258 1917 1353 1955 falso
1382 1917 1570 1955 insertum
1588 1918 1650 1964 sit,

239 1982 399 2020 Horatio
429 1982 633 2027 ascribere,
663 1984 735 2019 cet.
792 1981 1097 2019 Misericordiam
1126 1981 1263 2018 deinde
1291 1981 1505 2031 legentium
1524 1984 1651 2019 movet

238 2061 549 2094 commemorans⁷
584 2049 747 2097 quantas
784 2046 1038 2085 exanclaverit
1066 2060 1255 2084 aerunmas
1285 2048 1323 2084 et
1350 2045 1512 2092 labores,
1543 2049 1651 2085 ante-

239 2126 356 2162 quam
382 2115 529 2150 rectam
556 2112 744 2149 rationem
771 2112 972 2149 inveniret.
1034 2111 1234 2160 „LongiS‚“
1269 2111 1406 2160 inquit,
1442 2113 1502 2157 „et
1532 2111 1652 2149 deviis

239 2176 443 2215 itineribus
479 2176 622 2215 erranti
650 2176 747 2214 mihi
776 2176 824 2213 ad
852 2175 968 2213 finem
997 2177 1169 2225 optatum
1197 2188 1376 2225 saepeque
1406 2175 1652 2225 desperatum

239 2241 301 2279 vix
342 2242 498 2279 tandem
541 2241 705 2290 contigit
732 2243 775 2277 ut
802 2240 1055 2289 pervenirem.
1113 2239 1295 2283 Quamvis
1323 2239 1445 2276 multa
1474 2242 1652 2288 expertus

240 2317 425 2355 germana
457 2304 597 2343 Horati
628 2304 747 2342 verba
774 2306 883 2341 tanta
911 2303 1053 2341 astutia
1081 2303 1304 2341 abscondita
1333 2316 1415 2340 esse
1443 2316 1653 2352 numquam

241 2369 421 2407 credidi.“
487 2369 612 2406 Minos
647 2369 824 2418 opinatur
856 2368 982 2417 prima
1014 2367 1090 2404 tria
1119 2367 1289 2404 carmina
1317 2367 1506 2416 principio
1535 2381 1654 2405 unum

239 2432 359 2471 fuisse
389 2447 432 2471 ex
461 2433 519 2472 od.
552 2433 571 2470 1
602 2446 663 2471 vv.
696 2422 864 2479 17-22,
895 2432 952 2469 od.
974 2432 997 2469 3
1019 2445 1079 2470 vv.
1102 2431 1231 2469 7—12
1254 2431 1516 2482 compositum,
1538 2431 1652 2482 quin-

331 2570 352 2608 1)
376 2576 453 2604 vide
476 2576 673 2604 Schuetzium
695 2583 767 2611 pgg.
793 2575 971 2602 253—256.
