1768 2856
816 170 1027 209 -45-

208 281 368 331 stropha
398 282 607 318 commotus
635 278 784 317 Peerlc.
814 280 938 316 totum
967 291 1122 316 carmen
1150 278 1381 328 repudiavit.
1431 279 1492 326 „Si
1512 280 1634 331 legis-

209 347 325 392 sem,“
366 344 505 396 inquit.
546 343 639 383 “hoc
676 357 842 391 carmen,
872 345 916 381 ut
943 342 1163 381 Meinekius
1191 342 1390 394 ingeniose
1420 346 1458 383 et
1485 345 1634 385 felicis-

209 411 305 448 sime
341 409 551 454 constituit,
594 409 720 446 minus
748 409 907 447 fuissem
936 410 1130 446 severus“.
1187 408 1406 447 Meinekius
1434 424 1495 448 vv.
1526 411 1631 449 2-5

210 474 382 519 exclusit,
418 474 485 512 sed
521 473 625 511 idem
653 472 773 511 multo
803 475 892 511 ante
922 486 1008 510 eum
1036 472 1130 511 fecit
1158 471 1394 520 Sanadonus,
1424 474 1486 512 cui
1513 474 1637 514 honor

212 539 328 577 huius
356 538 414 577 rei
440 537 578 576 merito
607 537 837 575 tribuendus
858 540 927 576 est.
980 536 1027 584 „J
1032 535 1081 574 'ai
1101 538 1208 583 cru“,
1228 537 1367 588 inquit,
1393 538 1545 585 „devoir
1565 540 1635 579 de-

211 604 378 652 charger
405 602 558 639 Horace
579 602 625 638 de
654 604 756 639 cette
775 602 864 639 fade
885 604 923 639 et
942 601 1078 638 inutile
1098 603 1314 650 parentese,
1335 602 1402 651 qui
1423 603 1633 653 defiguroit
1678 633 1680 635 v
1720 605 1731 612 ⁸

211 668 313 704 cette
351 666 421 703 ode
449 679 521 715 par
549 678 591 702 sa
619 665 821 715 longueur,
851 678 922 715 par
951 678 1017 702 son
1045 666 1132 702 tour
1159 669 1378 714 prosa‘ique,
1408 669 1436 703 86
1463 668 1536 716 p'ar
1563 680 1633 708 son.

213 730 441 768 obscuritef
503 728 584 767 Aut
612 729 677 767 hic
707 732 773 766 aut
793 743 1003 778 numquam
1023 742 1177 767 carmen
1196 729 1441 767 horatianum
1461 730 1634 769 absterso

209 794 307 831 illito
341 794 428 831 fuco
463 793 502 830 in
539 793 711 831 nativam
746 795 785 830 et
818 793 1023 842 pristinam
1050 792 1380 843 pulchritudinem
1408 794 1635 835 restitutum

211 860 280 896 est.
338 857 442 895 Nam
485 857 652 907 demptis
694 857 755 894 his
784 857 959 895 versibus
989 857 1224 895 concinnitas
1254 858 1416 895 carmini
1444 859 1633 906 redditur,

211 922 337 960 omnia
380 922 549 959 dilucida
592 924 630 959 et
672 922 855 959 distincta
897 925 998 967 sunt,
1046 924 1177 971 partes
1220 922 1363 971 optime
1405 922 1507 960 inter
1548 937 1634 961 sese

210 986 416 1031 cohaerent,
452 998 607 1023 carmen
641 985 687 1022 fit
714 984 1062 1023 rotundissimum.⁴
1086 985 1211 1038 Quum
1230 985 1305 1023 huc
1327 986 1498 1032 accedat,
1529 988 1629 1037 quod

211 1050 297 1088 aliae
340 1050 476 1100 logicae
521 1052 559 1087 et
592 1049 857 1100 grammaticae
892 1049 1060 1087 rationes
1089 1052 1189 1096 sunt,
1226 1063 1293 1088 cur
1321 1064 1381 1088 vv.
1412 1051 1515 1089 2-5
1547 1051 1633 1089 abi·
1674 1082 1676 1084 >

211 1114 363 1151 ciantur
379 1114 428 1163 ‘¹),
471 1127 596 1163 neque
639 1113 772 1162 quales
815 1115 904 1168 sunt
945 1114 986 1150 in
1023 1114 1256 1151 membranis
1285 1114 1442 1152 retineri
1472 1116 1633 1165 possint,

210 1179 277 1216 sed
312 1191 381 1228 pro
418 1178 587 1216 omnium
628 1180 815 1216 mstorum
858 1178 974 1216 verbo
1017 1178 1123 1215 ducis
1165 1178 1408 1216 scribendum
1437 1179 1487 1217 sit
1515 1179 1632 1226 ducit,

210 1242 402 1280 Sanadoni
437 1242 653 1292 exemplum
681 1242 827 1279 imitari
855 1255 904 1279 ne
932 1255 1135 1280 moremur.
1165 1241 1273 1279 Idem
1293 1243 1405 1280 multi
1426 1245 1464 1281 et
1485 1244 1627 1282 doctis-

210 1307 298 1344 simi
340 1306 415 1345 viri
449 1307 637 1351 fecerunt,
681 1309 724 1343 ut
752 1297 883 1352 Jones,
914 1305 1073 1351 Gesner,
1103 1305 1327 1351 Wetzelius,
1357 1306 1630 1354 Buttmannus,

210 1370 408 1416 Struwius,
430 1370 589 1416 Weber,
616 1370 814 1420 Regelius,
844 1370 1037 1415 Luebker,
1067 1370 1298 1415 Meinekius,
1328 1369 1471 1416 Ianius,
1496 1371 1625 1422 Grup-

210 1435 310 1484 pius,
354 1434 398 1472 L.
429 1434 607 1480 Mueller,
646 1433 927 1484 Stambergius,
958 1433 1267 1484 Synnerbergius
1288 1434 1332 1483 2).
1390 1434 1561 1472 Weisius
1591 1438 1631 1473 et

209 1498 424 1544 Nauckius,
455 1498 623 1537 omnium
652 1512 782 1536 rerum
810 1498 1202 1545 conservantissimus,
1239 1498 1377 1536 melius
1406 1512 1470 1537 eos
1499 1499 1630 1537 afutu-

210 1576 271 1600 ros
300 1563 419 1600 fuisse
450 1564 623 1601 credunt.

341 1626 434 1671 Quis
463 1626 800 1676 interpolationem
828 1626 921 1664 fecit
943 1629 981 1664 et
1010 1639 1083 1676 quo
1112 1628 1284 1676 tempore
1314 1629 1397 1664 orta
1426 1630 1502 1666 est?
1558 1627 1629 1666 Sa-

208 1691 380 1728 nadonus
421 1704 508 1728 mea
551 1691 706 1740 quidem
749 1691 941 1728 sententia
976 1691 1023 1727 ad
1066 1690 1166 1728 hanc
1201 1704 1350 1740 quoque
1380 1692 1631 1740 quaestionem

209 1757 313 1792 recte
342 1754 559 1803 respondit:
596 1754 689 1800 „Ces
719 1757 855 1804 quatre
884 1756 1009 1800 vers“,
1046 1754 1184 1803 inquit,
1221 1756 1326 1801 „sont
1354 1768 1428 1792 une
1458 1755 1629 1793 addition

210 1820 256 1857 de
299 1819 465 1869 quelque
508 1819 714 1857 mise'rable
756 1820 901 1870 pedant
943 1833 990 1856 ou
1033 1819 1080 1856 de
1116 1819 1281 1868 quelque
1316 1820 1488 1858 mauvais
1516 1822 1631 1870 poete

210 1884 276 1921 des
305 1883 440 1920 siecles
469 1883 738 1932 posterieurs.“
788 1883 1081 1921 Commemorati
1101 1885 1190 1920 sunt
1210 1897 1232 1920 a
1252 1882 1396 1929 Servio,
1416 1883 1627 1930 Prisciano,

208 1947 472 1997 Porphyrione
501 1946 781 1997 (grammaticis
811 1947 981 1997 q'1ae¹eis
1010 1946 1253 1985 continentur
1273 1947 1472 1997 arrident),
1503 1962 1622 1998 quare

209 2014 300 2049 ante
343 2025 406 2049 eos
449 2011 585 2060 scripti
628 2012 717 2057 sint,
760 2025 915 2049 necesse
959 2014 1028 2048 est.
1092 2011 1238 2048 Eodem
1266 2012 1427 2050 fortasse
1455 2015 1630 2062 tempore

207 2075 299 2114 huic
342 2075 504 2113 carmini
547 2075 669 2113 additi
711 2077 812 2121 sunt,
856 2088 929 2124 quo
973 2074 1046 2112 orti
1082 2077 1171 2112 sunt
1198 2089 1258 2113 vv.
1288 2074 1356 2114 IV:
1388 2076 1424 2122 4,
1457 2076 1627 2122 18-22,

208 2140 288 2178 sive
332 2153 430 2177 anno
474 2140 629 2178 circiter
667 2140 756 2185 150,
800 2153 873 2189 quo
902 2142 1075 2189 tempore
1103 2139 1275 2190 homines
1305 2141 1353 2177 ad
1383 2140 1627 2190 antiquarum

207 2216 337 2241 rerum
373 2203 625 2254 gentiumque
661 2206 834 2242 auctores
864 2204 1116 2255 cognoscendi
1145 2204 1316 2242 studium
1344 2204 1454 2242 iratis
1484 2206 1523 2243 et
1550 2204 1628 2243 iam

208 2268 496 2306 senescentibus
524 2268 643 2306 musis
672 2268 839 2306 romanis
868 2269 1159 2318 propensissimi
1188 2271 1310 2307 erant.

343 2372 364 2410 ¹)
388 2387 466 2413 quas
488 2379 631 2406 Luebker
654 2379 869 2414 copiosissime
892 2379 997 2406 attulit
1020 2379 1051 2406 in
1077 2380 1290 2413 „commentar
1305 2388 1345 2406 zu
1359 2379 1490 2406 Horaz's
1506 2374 1625 2410 Oden“‚

207 2441 280 2468 pgg.
307 2433 492 2466 478—4803
516 2434 657 2468 repetere
680 2433 807 2467 longum
830 2434 887 2460 est.

343 2479 364 2517 ⁹)
388 2486 549 2512 Dacierius
577 2494 647 2519 non,
682 2487 718 2513 ut
746 2486 907 2521 Gruppius
931 2486 1016 2518 dicit,
1052 2494 1105 2513 eos
1129 2486 1252 2519 delevit,
1275 2494 1384 2521 neque,
1408 2485 1492 2521 quod
1513 2485 1627 2513 mjrum

208 2540 266 2572 est,
289 2539 457 2574 Hauptius,

1696 2814 1700 2817 μ
1710 2811 1714 2819 .-
1734 2796 1768 2820 μ’,

1595 2828 1611 2839 ν,
1644 2820 1658 2836 LV
1671 2824 1681 2829 “·’
1691 2819 1768 2856 3ξὲῧῇ

1626 2850 1631 2855 «
1656 2837 1713 2856 ’ΣΥ-’.-
