1768 2856
823 150 1032 189 -18—

218 270 343 306 neque
384 270 509 307 operae
548 257 718 306 pretium
753 260 811 295 est
845 259 884 295 et
916 257 1024 295 taedii
1057 256 1216 308 plenum
1251 261 1363 296 esset.
1425 257 1553 310 Opera
1581 258 1637 297 eis
1689 257 1691 259 ’

220 321 346 359 danda
373 323 526 371 tempus
554 323 680 359 terere
710 334 753 359 eo
781 321 907 371 magis
935 321 1242 371 supersedemus,
1285 322 1386 372 quod
1413 322 1638 362 Schuetzius

220 385 388 435 plurima
430 399 560 423 eorum
603 386 707 424 dicta
750 385 1054 436 dilegentissime
1090 386 1321 424 examinavit
1357 389 1396 424 et
1429 387 1637 426 vehemen-

220 450 380 488 tissimis
399 450 528 488 verbis
554 450 787 500 improbavit
814 450 857 500 ¹).
915 449 1054 489 Omnia
1076 452 1205 489 autem
1232 453 1401 489 tractare
1428 465 1478 490 ne
1497 452 1530 490 is
1550 436 1638 502 quif

223 514 310 552 dem
328 514 518 552 toleravit.
547 514 653 552 Laxa
667 515 838 564 partium
854 515 1085 553 cohaerentia
1104 515 1267 553 maxime
1288 515 1518 554 stomachati
1537 519 1638 554 sunt.

222 578 298 617 Sed
331 578 423 617 licet
457 579 510 617 de·
532 579 605 617 hac
633 593 675 618 re
704 578 885 618 Lambini
913 579 1032 618 verba
1061 593 1381 618 commemorare:
1418 579 1545 626 „Est‚“
1579 580 1640 619 in-

224 643 320 693 quit,
342 645 564 692 „poetarum
582 635 782 693 tamqnam
801 643 941 693 spiritu
960 643 1088 681 divino
1108 642 1322 684 afflatorum
1342 645 1381 681 et
1399 643 1539 681 mentis
1553 644 1639 695 agi-

225 707 372 745 tatione
402 707 680 746 concitatorum
708 721 783 746 non
811 721 963 758 semper
990 707 1031 745 in
1060 707 1252 758 proposito
1282 720 1455 746 sermone
1480 707 1641 755 haerere,
1694 725 1699 729 ·

224 772 292 809 sed
327 772 375 809 ad
411 771 488 809 alia
517 785 804 821 nonnumquam
834 772 1015 809 aberrare
1043 772 1311 821 sententiaque
1339 771 1454 821 longe
1483 785 1505 809 a
1532 771 1667 821 prin-¹

226 835 326 885 cipio
356 835 508 874 diversa
538 849 691 874 carmen
721 835 959 882 concludere,
1004 835 1111 874 cuius
1145 836 1203 874 rei
1232 848 1288 874 ex.
1317 837 1407 873 sunt
1434 835 1475 873 in
1504 835 1561 873 od.
1590 834 1641 874 H:

229 900 291 945 13,
321 899 377 937 127
400 900 438 938 r&
468 901 492 937 3
522 902 562 937 et
590 900 666 937 alia
685 899 825 944 multa3
870 900 972 949 apud
1000 899 1211 937 Pindarum
1237 902 1365 937 autem
1385 912 1500 949 quam
1518 899 1642 949 pluri-

226 977 312 1010 ma„
337 963 381 1013 ²).
439 963 484 1002 L.
514 963 696 1002 Mueller:
733 963 1072 1010 „sententiarum“‚
1101 963 1240 1013 inquit,
1276 976 1414 1011 „nexus
1442 963 1482 1001 in
1502 963 1642 1001 earmi-

227 1027 341 1065 nibus
375 1027 514 1065 Horati
548 1027 707 1077 (praeter
742 1027 885 1065 erotica
919 1029 958 1064 et
992 1027 1248 1076 symposiaca)
1278 1027 1481 1076 aliquando
1510 1029 1645 1065 tenues

228 1104 298 1129 nec
340 1091 452 1129 solvi*
477 1094 690 1130 metuentes
734 1104 815 1129 esse
857 1093 917 1129 sat
960 1093 1120 1129 constat.
1181 1090 1284 1130 Hinc
1320 1093 1378 1129 est
1419 1091 1519 1141 quod
1553 1090 1646 1130 dicit

230 1155 490 1200 Quintilianus
518 1155 617 1194 nolle
646 1169 686 1193 se
715 1155 756 1193 in
784 1155 1015 1205 quibusdam
1042 1155 1292 1205 interpretari
1320 1155 1564 1194 Horatium“.

872 1670 1010 1729 VII.

365 1838 466 1884 Quin
509 1852 736 1890 germanum
778 1838 828 1876 sit
869 1840 992 1876 totum
1034 1828 1113 1877 hoc¹
1149 1851 1315 1885 carmen,
1357 1851 1467 1877 nemo
1496 1838 1651 1877 criticus

237 1904 441 1942 dubitavit.
498 1903 602 1941 Nam
631 1903 732 1953 quod
760 1903 926 1954 legimus
947 1903 1049 1953 apud
1070 1902 1299 1953 Gruppium,
1329 1902 1438 1941 AEac.
1458 1915 1549 1954 pag.
1573 1903 1650 1941 570

236 1970 449 2019 postremas
480 1967 574 2005 duas
603 1967 781 2018 strophas
812 1981 893 2005 esse
922 1967 1073 2017 spurias
1101 1967 1142 2004 in
1171 1967 1229 2005 od.
1259 1966 1329 2005 III:
1362 1968 1397 2014 7,
1427 1967 1509 2005 sine
1539 1966 1653 2005 dubio

239 2046 367 2071 errore
395 2032 687 2081 typothetarum
717 2034 841 2069 ortum
871 2034 929 2069 est
956 2044 1025 2081 pro
1055 2031 1113 2069 od.
1143 2030 1193 2069 11:
1226 2031 1261 2068 7.

329 2201 597 2240 ¹)·„‚Willkfirlich,
621 2206 700 2233 bunt
727 2205 791 2232 und
818 2205 922 2238 kraus,
950 2206 1117 2238 mons-tros,
1147 2205 1261 2238 albern,
1285 2205 1534 2240 ungeheuerlieh,
1558 2200 1654 2232 umbe-⁸

237 2261 386 2296 greiflich,
419 2260 574 2293 kleinlich,
616 2259 806 2295 spitzfindig,
840 2258 1015 2291 lacherliem
1055 2259 1246 2295 pedantisch,
1281 2259 1540 2293 unverstfindlieh,
1574 2267 1657 2286 wun-

239 2314 365 2346 derlich,
399 2314 517 2340 tibet-all
552 2313 682 2341 Makelei
719 2313 782 2339 und
816 2312 1071 2345 Wortklauberei,
1099 2312 1375 2347 Ueberzeugendes
1397 2313 1509 2345 nichts,
1534 2312 1591 2339 das
1614 2313 1656 2339 ist

240 2368 324 2394 nieht
347 2367 414 2394 eine
436 2367 582 2401 Rettung,
605 2366 753 2394 vielmehr
777 2366 843 2393 eine
867 2363 1166 2401 Zert1·1‘immerung.“

331 2415 353 2453 ⁹)
380 2421 487 2455 „Wass
515 2422 634 2448 mfisste
661 2429 732 2448 man
761 2420 831 2448 dem
865 2419 980 2447 Pindar
1007 2419 1090 2447 Alles
1118 2420 1245 2453 rauben,
1268 2428 1353 2448 wenn
1379 2428 1450 2447 man
1472 2420 1525 2447 ihn
1547 2419 1579 2447 in
1601 2419 1657 2447 das

241 2475 497 2512 Prokruetesbett
539 2475 593 2502 des
629 2476 837 2510 sogenannten
871 2474 996 2501 inneren
1029 2474 1328 2509 Zusammenhanges
1358 2482 1494 2509 spannen
1516 2464 1662 2501 wollte‘?‘⁴x

241 2530 382 2558 Schuetz.
