1768 2856
192 342 202 376 st
226 337 235 345 ‘
252 326 385 371 simus,
415 313 720 362 coniecturarum
747 322 937 370 prompsit
962 322 1187 366 centuriam,
1217 335 1379 370 quarum
1397 323 1493 359 mihi
1512 324 1667 371 quidem

255 388 340 427 duae
382 387 520 426 saltem
560 387 692 437 partes
735 386 895 436 aspectu
922 383 1046 435 primo
1074 383 1336 435 improbandae
1366 398 1447 424 esse
1475 386 1665 426 videntur.

253 453 330 498 Qui
372 454 502 490 autem
541 454 623 489 tam
655 447 917 501 'neglegenter
958 449 1174 487 contextum
1207 450 1451 488 horatianum
1486 453 1666 497 tractant,

254 504 526 568 hypercriticis
553 528 602 553 ne
630 527 696 553 suo
724 514 834 552 modo
865 527 952 552 eum
978 515 1128 552 mutent
1154 514 1327 565 graviter
1346 514 1576 553 interdicere
1594 528 1669 553 non

209 621 211 623 ,
253 584 426 632 possunt.

257 640 261 645 A
383 644 595 681 Horatiani
621 644 746 681 critici
772 647 807 680 et
834 644 875 680 in
903 644 1125 680 coniecturis
1151 643 1339 692 faciendis
1367 648 1400 681 et
1428 645 1469 680 in
1497 647 1667 681 statuen-

252 710 315 748 dis
341 708 692 759 interpolationibus
719 708 1010 746 moderatissimi
1037 721 1111 746 esse
1139 708 1276 746 debent.

341 769 344 775 ’
384 772 487 810 Hinc
513 772 618 809 nullo
646 772 755 809 modo
785 771 960 817 efficitur,
982 774 1033 810 ‚ut
1062 772 1289 815 coniecturae
1309 771 1668 821 interpolationum-

257 850 332 887 que
368 836 635 888 indagationes
662 849 818 886 prorsus
846 836 923 874 sint
951 836 1187 886 spernendae,
1217 837 1308 875 dum
1336 850 1470 875 earum
1497 836 1668 875 modicus

252 902 325 938 fiat
366 914 469 938 usus.
526 900 809 938 Difficillimum
851 901 952 937 enim
995 901 1111 938 etiam
1149 903 1206 938 est
1239 901 1669 950 hypercorfservativam

255 964 432 1010 criticam
474 964 663 1003 rationem
705 964 900 1011 adhibere,
944 964 983 1002 id
1020 965 1119 1015 quod
1149 978 1168 1003 e
1197 965 1345 1003 Kelleri
1374 965 1544 1015 exemplo
1573 960 1668 1003 satis

255 1029 430 1079 apparet.
486 1028 524 1067 Is
567 1030 748 1067 diuturna
790 1029 962 1067 codicum
1004 1029 1203 1068 collatione
1237 1030 1380 1068 librum
1414 1030 1668 1079 archetypum

256 1093 460 1131 restituere
503 1095 660 1131 conatus
696 1095 753 1131 est
781 1093 822 1130 in
850 1093 940 1131 crisi
967 1093 1168 1131 horatiana
1195 1094 1355 1144 posthac
1383 1107 1502 1143 prope
1530 1107 1666 1143 super-

195 1180 198 1182 -
256 1171 425 1196 vacanea
468 1158 629 1196 eandem
669 1159 899 1208 potestatem
940 1157 1174 1204 habiturum,
1218 1172 1333 1208 quam
1371 1158 1461 1196 olim
1495 1157 1666 1196 habuere

255 1217 422 1272 tyranni,
457 1222 524 1260 sed
559 1222 850 1260 difficultatibus
882 1236 957 1260 non
990 1223 1178 1260 solvendis
1212 1223 1431 1273 implicatus
1460 1225 1531 1260 est.
1587 1222 1665 1260 Ar-

256 1287 443 1337 chetypus
490 1287 556 1325 ille
599 1287 714 1325 codex
755 1286 872 1325 talem
914 1287 1216 1325 adversariorum
1266 1287 1472 1326 factionem
1517 1287 1665 1325 omnino

254 1351 500 1401 frangentem
543 1353 581 1388 et
621 1351 888 1388 debilitantem
930 1351 1197 1388 auctoritatem
1229 1351 1526 1397 nancisceretur,
1562 1351 1595 1388 si
1626 1351 1666 1399 1)

255 1427 376 1464 usque
419 1415 467 1452 ad
508 1414 714 1452 Horatium
755 1414 882 1464 ipsum
923 1415 1145 1452 ascenderet
1174 1417 1212 1452 et
1241 1415 1281 1463 2)
1310 1414 1474 1465 singulae
1503 1427 1666 1464 quaeque

256 1478 337 1516 eius
378 1478 560 1517 lectiones
596 1481 698 1533 certo
731 1479 957 1529 investigari
984 1481 1149 1528 possent.
1207 1478 1377 1523 Quarum
1406 1479 1665 1516 conditionum

254 1544 391 1580 neutra
421 1543 571 1593 expleta
600 1545 669 1580 est.
726 1543 785 1580 De
815 1545 986 1592 tempore
1007 1542 1207 1592 archetypi
1226 1543 1304 1580 iam
1324 1542 1497 1580 diximus.
1557 1542 1666 1587 Quod

255 1606 304 1643 ad
345 1606 527 1644 lectiones
571 1607 721 1651 attinet,
765 1606 898 1647 Keller
939 1606 1057 1643 multo
1087 1620 1173 1643 cum
1206 1606 1342 1643 sudore
1376 1606 1483 1644 codd.
1513 1606 1554 1643 in
1587 1609 1665 1643 tres

255 1670 395 1708 classes
418 1670 447 1719 ¹)
477 1670 646 1708 dividere
676 1672 833 1708 conatus
863 1672 932 1715 est,
963 1683 1048 1719 quae
1077 1670 1260 1719 suffragio
1291 1670 1337 1707 de
1357 1670 1512 1707 fortuna
1530 1669 1664 1707 lectio-

253 1746 346 1770 num
374 1734 635 1771 decernerent.
678 1733 819 1770 Omnes
847 1733 991 1778 vident,
1012 1746 1127 1782 quam
1146 1733 1403 1782 periculosum
1423 1735 1461 1770 et
1479 1733 1666 1770 iniustum

253 1796 331 1834 tale
358 1797 611 1847 plurimorum
638 1796 843 1846 imperium
871 1809 973 1846 saepe
1001 1796 1062 1834 sit.
1120 1796 1337 1845 Saepissime
1363 1798 1492 1849 autem
1517 1810 1566 1834 ne
1591 1796 1665 1834 hac

253 1860 410 1910 quidem
443 1861 506 1899 via
535 1860 710 1910 quamvis
738 1861 879 1899 misera
908 1861 957 1898 ad
985 1860 1101 1898 finem
1131 1863 1302 1910 optatum
1330 1860 1532 1910 pervenire
1560 1860 1664 1899 licet.

253 1925 388 1963 Keller
415 1926 456 1963 in
486 1925 760 1976 epilegomenis
780 1925 811 1975 ²)
842 1926 917 1963 676
949 1938 1003 1963 ex.
1034 1925 1276 1974 conquisivit,
1305 1925 1373 1963 ubi
1400 1925 1507 1963 codd.
1528 1925 1568 1962 in
1586 1927 1665 1963 tres

251 1989 393 2028 classes
423 1985 594 2028 dividere
622 1990 724 2035 licet,
755 1990 821 2027 sed
849 1989 955 2027 mille
981 1991 1069 2026 sunt
1089 1989 1273 2039 exempla,
1302 1989 1369 2027 ubi
1388 1989 1466 2027 tale
1487 1989 1667 2027 classium

253 2054 459 2092 discrimen
486 2068 562 2092 non
590 2053 771 2092 cernitur.
827 2053 961 2091 Keller
988 2054 1070 2103 ipse
1100 2053 1273 2091 concedit
1291 2054 1323 2102 3)
1352 2067 1400 2091 ne
1425 2067 1543 2091 unum
1579 2053 1665 2103 qui—

238 2118 341 2155 'dem
375 2118 543 2156 codicem
572 2119 620 2155 ad
649 2120 794 2156 certam
823 2118 984 2156 classem
1011 2130 1162 2166 semper
1190 2117 1396 2166 pertinere,
1434 2130 1561 2155 omnes
1596 2131 1664 2154 au-

252 2184 332 2219 tem
359 2196 460 2220 nunc
487 2182 563 2221 huc
591 2196 692 2220 nunc
720 2182 812 2220 illuc
840 2182 941 2219 inter
970 2182 1139 2219 diversas
1160 2181 1300 2218 classes
1319 2181 1513 2218 vacillare.
1571 2181 1664 2225 Quae

253 2259 373 2295 quum
413 2246 470 2283 ita
512 2246 600 2292 sint,
644 2259 822 2295 quaenam
854 2245 899 2282 fit
928 2245 1071 2283 criticae
1101 2245 1183 2281 eius
1211 2245 1371 2281 rationis
1399 2258 1560 2290 summa,
1590 2245 1665 2282 nisi
1695 2290 1701 2295 .

252 2309 413 2360 simplex
440 2310 520 2356 illa,
556 2312 599 2348 ut
627 2309 671 2348 L.
707 2309 870 2348 Mueller
899 2309 1016 2346 etiam
1045 2308 1139 2346 dixit
1156 2308 1207 2357 4);
1250 2308 1318 2346 ubi
1347 2308 1507 2346 diversae
1538 2311 1666 2347 extent

431 2363 450 2376 .

343 2414 364 2452 ¹)
388 2420 488 2460 Semel
511 2419 589 2447 duas
611 2419 725 2446 habere
747 2419 855 2452 voluit,
879 2419 920 2446 M.
944 2418 1000 2445 Rh.
1025 2418 1164 2450 XXXIII,
1192 2419 1261 2446 127.

342 2468 365 2506 ²)
389 2474 445 2501 111:
472 2475 531 2501 813
556 2482 622 2508 sqq.

342 2521 365 2558 ³)
389 2527 462 2554 ibm.
488 2528 559 2560 792,
584 2526 666 2554 aubi.

341 2574 366 2612 ⁴)
388 2581 425 2608 In
448 2580 495 2608 ed.
519 2581 589 2608 anni
614 2580 728 2613 1879:i,
751 2580 837 2615 praef.
861 2588 931 2615 pag.
956 2579 1040 2607 VIII.
