1768 2856
847 166 1058 204 —40—

370 274 517 325 Magna
558 274 627 312 illa
669 274 1017 324 hypercriticorum
1059 273 1250 312 discordia
1291 273 1386 311 satis
1420 273 1566 312 indicat
1600 286 1668 312 eos

240 338 367 389 operis
412 338 547 376 caduci
588 337 841 376 fundamenta
882 340 1083 388 tamquam
1115 337 1156 375 in
1190 350 1292 387 aqua
1319 337 1506 387 posuisse,
1537 350 1669 388 neque.

240 405 350 454 aptos
393 415 487 448 esse,
531 402 671 452 quibus
713 402 808 441 fides
853 402 1056 441 habeatur.
1118 401 1182 440 Ab
1225 401 1280 440 eis
1315 402 1452 440 allatas
1480 401 1660 448 rationes,

241 481 309 506 cur
337 467 653 517 interpolationes
681 467 722 504 in
750 467 822 505 hoc
851 466 1019 506 carmine
1038 466 1161 505 latere
1180 459 1407 512 statuerent,
1437 465 1670 505 Schuetzius

239 532 280 569 in
324 531 634 569 annotationibus
677 531 823 570 criticis
866 531 1016 581 copiose
1051 531 1363 569 commemoravit
1397 533 1436 569 et
1464 530 1667 570 refutavit„

240 595 311 634 Cui
354 608 474 645 quum
502 595 657 645 penitus
687 596 889 642 assentiar,
932 608 1015 633 rem
1043 594 1177 645 paucis
1206 594 1404 634 absolvere
1433 594 1530 633 mihi
1557 594 1666 634 licet.

239 659 369 698 Pauca
396 659 660 697 tantummodo
691 660 739 698 ab
770 673 813 698 eo
841 659 1101 710 praetermissa
1130 659 1282 697 addam.

371 723 519 762 Peerlc.
549 726 617 761 str.
648 724 672 761 3
703 737 789 762 cum
818 727 885 762 str.
917 725 953 769 4,
983 726 1050 761 str.
1081 724 1104 761 5
1135 737 1222 761 cum
1250 726 1318 761 str.
1349 725 1386 769 6,
1415 726 1483 761 str.
1506 724 1555 761 10
1576 737 1665 761 cum

241 790 310 826 str.
357 788 404 825 11
442 787 615 826 confudit
648 788 796 826 idoneis
824 788 917 826 locis
947 787 1163 834 excidendo,
1193 787 1233 826 id
1261 787 1363 838 quod
1390 788 1431 826 in
1459 790 1526 826 str.
1557 788 1594 834 3,
1625 788 1662 834 4,
1705 794 1707 797 ’

241 854 264 891 6
314 853 432 900 „miro
476 854 587 891 casu“
636 851 695 901 (ut
730 853 849 891 verba
887 853 935 891 ab
965 852 1107 891 Orellio
1136 865 1239 903 saepe
1267 852 1411 890 usitata
1440 853 1668 903 adhibeam)

240 918 322 956 sine
350 917 527 956 molestia
556 920 595 956 et
623 918 705 956 sine
735 920 950 956 ceterorum
978 931 1157 956 versuum
1185 917 1297 955 ruina
1323 917 1408 955 fieri
1428 919 1566 967 potest,
1596 917 1663 956 sed

239 982 280 1019 in
308 984 376 1020 str.
407 983 429 1019 5
461 982 488 1019 &
518 983 541 1019 6
583 995 658 1020 non
700 982 745 1019 fit
786 982 868 1019 sine
905 982 1054 1020 lubrica
1087 981 1311 1027 mutatione,
1347 995 1424 1032 qua
1452 983 1506 1019 mi
1533 995 1601 1032 pro
1630 982 1671 1019 εἰ

240 1047 408 1097 scripsit,
438 1047 687 1097 quamobrem
716 1046 756 1084 in
784 1046 846 1084 his
876 1047 1033 1096 quidem
1061 1046 1229 1097 strophis
1259 1046 1487 1085 excisionem
1513 1045 1666 1085 Peerlc..

239 1111 343 1148 haud
373 1111 488 1148 dubie
516 1124 591 1148 non
619 1111 786 1156 fecisset,
816 1111 892 1148 nisi
923 1111 1153 1149 necessitate
1173 1113 1326 1148 coactus
1347 1113 1458 1156 esset,
1487 1124 1535 1148 ne
1555 1111 1664 1149 filum

243 1174 424 1213 orationis
467 1175 715 1225 abrumperet
736 1175 779 1224 ¹).
843 1174 1026 1221 „Nescias
1067 1177 1198 1213 utrum
1239 1175 1365 1226 magis
1406 1175 1669 1221 admirereris„

242 1239 551 1289 grammaticum,
595 1240 662 1288 qui
704 1239 861 1289 impune
906 1242 944 1276 et
988 1239 1133 1277 occulte
1169 1253 1301 1277 versus
1330 1253 1417 1277 suos
1446 1240 1486 1277 in
1514 1240 1662 1278 medias

241 1303 419 1354 strophas
461 1303 637 1349 inseruit,
682 1317 730 1341 an
765 1303 942 1342 criticum
985 1316 1176 1354 sagacem,
1220 1304 1287 1353 qui
1328 1303 1485 1342 inventa
1520 1304 1593 1342 hac
1621 1318 1670 1342 re>

242 1368 502 1405 dubitationes
531 1381 619 1405 suas
648 1368 734 1405 aliis
764 1368 1029 1406 commendare
1058 1368 1203 1417 potuit¹‘
1229 1368 1274 1417 ²).
1323 1368 1543 1406 Excisiones
1573 1382 1663 1406 suas

240 1431 388 1470 Peerlc.
438 1431 602 1482 argutiis
649 1431 823 1481 sophista
866 1432 994 1482 dignis
1037 1431 1221 1470 defendit.
1291 1431 1346 1471 Ut
1392 1446 1432 1470 se
1480 1433 1665 1471 adversus

242 1497 373 1542 verba,
403 1509 489 1546 quae
518 1498 608 1534 sunt
635 1497 719 1534 iure
740 1496 949 1546 perhorrui
976 1496 1049 1535 late
1076 1479 1317 1547 consipicuum
1345 1497 1470 1535 tollere
1493 1499 1670 1535 vert-icem.

242 1561 442 1599 convertit.
500 1560 697 1599 Verticem
726 1560 860 1599 tollere
889 1560 983 1599 dicit
1011 1574 1092 1599 esse
1114 1579 1143 1592 =
1163 1561 1385 1599 suberbiam
1405 1561 1479 1599 sibi
1498 1575 1661 1607 sumere,

243 1625 343 1675 quod
373 1625 583 1663 ostendisse
612 1625 687 1663 sibi
715 1625 869 1663 videtur
898 1625 1013 1663 allato
1044 1639 1160 1664 carm.
1190 1624 1220 1663 I:
1253 1626 1315 1672 18,
1345 1626 1476 1664 tollens
1503 1639 1662 1664 vacuum

235 1690 328 1739 plus
360 1690 477 1726 nimio
503 1690 629 1738 ylaria
656 1690 838 1726 verticem.
896 1688 971 1727 Sed
1000 1689 1056 1727 ibi
1083 1689 1348 1739 unusquisque
1376 1690 1507 1740 legere
1535 1693 1670 1740 potest.

241 1767 316 1791 non
351 1753 483 1792 tollens
515 1754 685 1792 verticem
714 1754 780 1792 sed
810 1754 941 1792 tollens
962 1754 1055 1804 'plus
1083 1755 1201 1792 nimio
1228 1755 1409 1792 verticem.
1465 1754 1575 1793 Idem
1602 1755 1662 1793 in-

242 1818 406 1856 tercedit
448 1818 654 1855 discrimen
697 1820 812 1867 atque
855 1819 957 1856 inter
999 1831 1183 1856 suecanas
1225 1818 1434 1856 locutiones
1471 1819 1565 1856 bc't'ra
1598 1820 1663 1857 sitt

242 1880 392 1932 hufvud
423 1881 508 1933 ho‘yt
542 1884 580 1920 et
615 1882 708 1920 bura
742 1883 807 1920 sitt
835 1882 984 1932 hufvud
1011 1882 1082 1920 alle
1109 1882 1174 1931 fo'r
1201 1882 1298 1933 ho'yt.
1355 1882 1439 1922 Hoc
1467 1883 1669 1935 significat.

242 1946 476 1996 superbiam,
506 1947 601 1983 illud
629 1947 748 1984 talem
776 1947 854 1984 vim
882 1961 958 1984 non
986 1947 1116 1985 habet.
1175 1947 1252 1985 Ofr.
1283 1947 1353 1985 Od.
1383 1947 1481 1995 I:.1‚
1503 1950 1567 1995 35,
1597 1950 1666 1987 36:-

568 2025 657 2057 Quod
681 2025 706 2052 si
729 2033 778 2052 me
801 2025 905 2060 lyricis
928 2025 1053 2052 vatibus
1076 2026 1198 2058 inseris,

568 2078 698 2105 Sublimi
721 2079 829 2105 fariam
854 2079 956 2105 sidera
978 2080 1102 2106 vertice.

243 2138 436 2183 Quantam
479 2138 742 2188 arrogantiam
784 2138 868 2177 haec
910 2139 1137 2186 indicarent,
1180 2140 1213 2177 si
1254 2139 1496 2191 Peerlcampi
1537 2141 1669 2191 opinio-

242 2205 348 2240 recta
391 2205 507 2241 esset!
571 2203 615 2240 Sc·
642 2216 698 2240 me
726 2204 768 2240 in
796 2204 1012 2241 melchorum
1039 2217 1194 2243 numero
1222 2204 1383 2254 habebis,
1427 2207 1662 2256 arroqantis-

242 2269 361 2305 simus
403 2268 487 2304 ero!
539 2267 602 2305 Ab
644 2268 705 2305 his
747 2268 855 2305 falsis
897 2268 1018 2306 initiis
1060 2269 1254 2319 profectus
1296 2269 1443 2309 Peerlc.
1481 2270 1595 2309 facile
1623 2270 1663 2308 id

244 2332 345 2381 quod
386 2331 469 2370 vult
512 2332 714 2370 concludit.
783 2332 911 2379 „Dixit
953 2333 1075 2383 igitur
1116 2333 1336 2381 Horatius,“
1376 2335 1515 2385 inquit,
1557 2335 1667 2372 “iure

380 2468 400 2506 ¹)
423 2475 500 2501 Vide
524 2475 730 2502 Schuetzium.

378 2522 400 2560 ⁹)
423 2528 575 2561 Luebker,
600 2529 795 2557 commentar
817 2538 856 2557 zu
878 2530 1008 2558 Horaz’s
1033 2530 1127 2564 Oden,
1151 2539 1221 2566 pag.
1247 2532 1318 2560 465.
