1768 2856
780 165 990 204 —26-

176 269 379 317 indicaret,
421 284 541 308 unum
575 270 698 309 solum
726 284 882 310 carmen
908 272 965 311 nil
993 273 1158 324 amplius
1185 275 1319 312 restat.
1374 272 1436 312 Ita
1463 287 1595 317 secum

175 334 260 384 ipse
289 337 453 386 pugnat,
483 335 635 386 sibique
663 349 799 385 parum
828 339 989 384 constat,
1018 351 1143 388 neque
1171 340 1302 377 tamen
1331 338 1367 376 ei
1385 338 1462 377 ullo
1483 339 1593 377 modo

174 398 381 437 molestum
410 402 480 438 est.

827 768 942 827 XI.

306 915 433 954 Multa
460 916 501 954 in
529 915 601 954 hoc
630 915 800 955 carmine
827 929 904 954 non
931 917 1042 955 modo
1070 917 1353 967 hypercriticis,
1383 918 1447 956 sed
1477 918 1595 956 etiam

176 979 264 1017 aliis
292 980 405 1017 valde
434 980 725 1030 displicuerunt.
782 979 838 1017 Ut
865 979 909 1017 L.
939 980 1105 1018 Mueller
1134 983 1252 1031 optat.
1280 994 1329 1019 ne
1359 994 1517 1020 carmen
1545 981 1594 1020 sit

178 1043 319 1082 Horati
340 1044 383 1093 1).
440 1043 528 1082 Mox
556 1046 687 1082 tamen
716 1043 824 1081 addit
851 1057 892 1082 se
920 1058 996 1082 non
1019 1058 1131 1095 posse
1151 1046 1305 1084 credere
1324 1048 1405 1083 tota
1425 1046 1595 1084 carmina

178 1108 312 1157 spuria
340 1108 380 1144 in
409 1107 555 1157 scripta
582 1107 722 1145 Horati
749 1107 963 1157 irrepsisse.
1019 1108 1143 1146 Nobis
1163 1109 1210 1146 de
1230 1109 1398 1147 carmine
1417 1109 1592 1147 iudican-
1618 1106 1624 1109 ’

173 1172 281 1211 tibus
323 1171 533 1211 cavendum
577 1173 647 1218 est,
688 1185 737 1209 ne
766 1171 815 1209 ad
846 1172 968 1210 nostri
995 1172 1179 1223 temporis
1206 1186 1377 1211 normam
1404 1173 1589 1212 iudicium

176 1239 350 1275 nostrum
379 1236 607 1286 dirigamus.
650 1228 770 1274 Suum
799 1236 937 1285 cuique
958 1236 1066 1274 aetati
1085 1237 1255 1273 studium
1275 1239 1313 1274 et
1331 1237 1506 1274 voluntas
1523 1240 1592 1283 est,

177 1313 273 1350 quas
288 1313 350 1338 res
365 1299 522 1346 mutari,
539 1298 625 1349 quis
638 1312 713 1337 non
726 1298 856 1337 videt?
876 1298 932 1338 Ut
945 1299 1161 1350 exemplum
1174 1300 1373 1350 antiquum
1386 1314 1592 1347 sumamus,

177 1364 332 1414 Vergili
374 1364 517 1401 Aeneis
560 1363 626 1400 diu
668 1363 834 1401 Homero
876 1363 997 1401 multo
1042 1363 1164 1413 pluris
1194 1364 1426 1402 aestimatum
1455 1368 1524 1410 est,
1554 1365 1594 1403 id

175 1429 278 1479 quod
319 1428 429 1467 nobis
470 1428 612 1466 mirum
652 1427 817 1474 videtur,
861 1427 1004 1477 diuque
1043 1428 1261 1466 hominibus
1294 1428 1447 1479 penitus
1476 1429 1594 1467 insita

177 1493 305 1543 opinio
333 1493 409 1530 fuit
436 1492 642 1531 Horatium
671 1492 858 1541 optimum
885 1492 1004 1530 fuisse
1033 1492 1074 1529 in
1103 1492 1183 1530 odis
1197 1493 1365 1542 politicis
1385 1496 1424 1531 et
1443 1494 1593 1539 ethicis,

175 1570 413 1607 quamquam
453 1556 662 1606 unicuique
703 1555 843 1593 Horati
884 1556 1030 1606 scripta
1058 1558 1205 1594 attente
1232 1556 1378 1607 legenti
1407 1570 1594 1607 apparere

177 1622 294 1660 debet
334 1621 474 1659 Horati
515 1634 665 1658 musam
705 1620 1017 1658 venustissimam
1059 1633 1153 1664 esse,
1197 1633 1315 1669 quum
1349 1623 1415 1658 aut
1442 1623 1524 1659 tota
1551 1621 1592 1658 in

176 1686 258 1724 ioco
288 1687 474 1731 versetur,
504 1687 571 1722 aut
599 1684 726 1722 media
754 1684 856 1722 inter
889 1683 991 1722 seria
1020 1686 1059 1721 et
1086 1683 1169 1722 ioca
1197 1684 1331 1722 volitet
1358 1684 1497 1723 leviter
1515 1685 1594 1723 iam

178 1750 263 1788 haec
304 1750 383 1787 iam
424 1749 492 1787 illa
521 1749 730 1798 attingens.
786 1747 976 1786 Voluntas
1006 1750 1045 1786 et
1072 1748 1243 1786 studium
1270 1748 1440 1799 Augusti
1469 1749 1594 1787 aetatis

175 1816 378 1864 poetarum
419 1813 693 1861 hominumque
737 1825 867 1849 eorum
909 1814 1088 1861 poemata
1115 1814 1199 1848 tum
1225 1812 1438 1861 legentium
1465 1826 1595 1850 secum

177 1877 368 1923 ferebant,
411 1878 455 1914 ut
497 1875 732 1915 carminibus
760 1888 942 1926 magnam
970 1875 1195 1914 historicam
1230 1878 1268 1913 et
1295 1866 1596 1927 mythologicam

177 1941 391 1981 doctrinam
433 1941 706 1988 immiscerent,
750 1954 836 1991 quae
879 1954 966 1979 cum
1007 1941 1089 1990 ipso
1132 1943 1358 1991 argumento
1399 1941 1594 1979 laxissime

176 2006 401 2044 cohaereret.
459 2005 543 2050 Qua
585 2005 626 2042 in
667 2018 709 2043 re
737 2004 1020 2042 Alexandrinos
1048 2004 1191 2042 imitati
1219 2007 1320 2051 sunt,
1365 2004 1595 2054 quibuscum

174 2070 211 2107 si
254 2069 460 2108 contuleris
502 2069 719 2115 Horatium,
763 2069 803 2106 in
833 2068 1018 2106 eiusmodi
1046 2081 1203 2118 poeseos
1232 2068 1451 2118 quisquiliis
1480 2082 1593 2106 usur-

176 2134 315 2183 pandis
343 2146 483 2182 parcus
511 2133 630 2170 fuisse
658 2132 865 2170 videbitur.
908 2131 1047 2180 Neque
1076 2133 1208 2168 tamen
1227 2132 1287 2168 sui
1305 2132 1489 2181 temporis
1513 2132 1594 2181 opi-

177 2197 330 2235 nionem
372 2210 527 2248 prorsus
562 2209 744 2247 spernere
772 2195 910 2246 potuit,
941 2195 1002 2234 cui
1030 2195 1102 2233 hoc
1131 2208 1284 2234 carmen
1313 2195 1507 2235 devovisse
1536 2195 1595 2234 vi-

179 2263 302 2308 detur,
345 2263 507 2311 fierique
540 2264 680 2311 potest,
723 2263 767 2298 ut
794 2260 933 2298 Horati
963 2259 1131 2309 aequales
1162 2261 1273 2298 odam
1300 2261 1402 2298 inter
1432 2260 1595 2310 optimas

177 2326 477 2372 numeraverint,
521 2338 755 2375 quamquam
796 2337 864 2362 nos
905 2324 1020 2375 longe
1063 2323 1176 2362 aliter
1204 2324 1430 2363 indicamus.
1487 2323 1595 2362 Adeo

174 2390 380 2429 sententiae
410 2393 448 2429 et
476 2390 605 2428 studia
632 2390 830 2429 hominum
860 2389 1012 2428 diversa
1040 2391 1140 2427 sunt.

313 2541 333 2579 ¹)
358 2546 420 2574 Lit.
443 2546 517 2573 hist.
541 2545 645 2580 Biogr.
669 2553 739 2581 pag.
767 2545 837 2572 126.
