1768 2856
754 164 885 200 —32
917 184 965 188 -

787 307 915 371 XII

279 442 476 492 Gruppius
518 441 589 479 hoc
633 453 788 479 carmen
822 453 897 478 non
927 442 1015 478 ante
1045 453 1162 490 quam
1190 440 1231 478 in
1260 443 1426 479 extremo
1455 441 1566 487 libro,

149 507 215 556 qui
244 507 357 545 inser.
388 506 520 551 Aeac„
550 518 641 556 pag.
673 506 749 543 512
780 504 945 555 aggredi
974 518 1088 542 ausus
1118 507 1188 551 est,
1218 505 1284 543 ubi
1313 508 1381 543 str.
1413 507 1433 544 1
1456 506 1566 544 dese-

149 571 240 617 cuit,
271 573 308 608 et
337 571 378 608 in
407 571 541 608 eadem
569 570 762 608 sententia
792 569 909 607 etiam
937 569 977 607 in
1005 582 1097 620 pag.
1128 570 1203 608 561
1221 569 1375 607 mansitss
1431 569 1569 608 Ratio-

146 649 214 673 nes
256 635 296 672 in
338 634 491 684 privata
534 634 615 672 eius
659 634 833 684 opinione
876 633 950 671 sita
980 633 1204 679 afferuntur,
1234 647 1329 683 quas
1359 633 1567 684 diligenter

147 701 323 737 excutere
352 698 460 736 taedii
488 698 647 747 plenum
676 700 788 736 esset.
845 697 946 735 Vide
975 697 1238 736 Schuetzium!

770 989 948 1048 XIII.

277 1126 499 1164 Extremam
541 1126 744 1175 pulchram
778 1125 977 1175 stropham
1011 1125 1207 1175 Gruppius
1236 1125 1330 1163 dicit
1358 1138 1439 1163 esse
1473 1138 1563 1172 „aus

147 1192 215 1228 der
244 1191 353 1229 Rolle
397 1190 580 1241 gefallen,
623 1190 840 1240 prunkend,
876 1189 1120 1236 anmasslich,
1150 1190 1379 1239 unpassend,
1408 1190 1560 1228 lacher-

146 1255 236 1299 lich,
267 1255 414 1304 plump,
444 1254 756 1291 unharmonisch.
800 1253 894 1298 Quae
914 1255 1066 1303 probra,
1097 1267 1214 1302 quum
1228 1267 1352 1303 neque
1368 1266 1562 1304 gramma-

145 1319 232 1357 ticis
274 1332 400 1369 neque
442 1318 579 1369 logicis
621 1317 836 1356 rationibus
877 1317 1098 1364 fulciantur,
1141 1317 1197 1355 nil
1230 1318 1350 1356 refert
1378 1317 1560 1357 refutare.

145 1383 247 1421 Vide
290 1386 481 1433 praeterea
523 1383 780 1421 Schuetzium.
838 1382 954 1420 Dicat
996 1382 1188 1431 quispiam
1217 1396 1257 1419 se
1285 1382 1430 1424 mirari,
1460 1383 1561 1431 quod

148 1447 241 1486 Gru.
286 1461 361 1485 non
405 1447 602 1486 eiectionis
646 1460 800 1485 causam
828 1446 952 1484 inesse
982 1446 1188 1484 crediderit
1217 1446 1257 1484 in
1286 1446 1561 1487 alliteratione:

146 1513 316 1562 loquaces
345 1512 505 1562 lymphae
534 1513 724 1549 desiliunt.
781 1510 884 1549 Nam
919 1511 1193 1549 alliterationes
1227 1511 1307 1549 sive
1335 1512 1564 1561 parecheses

146 1589 267 1625 usque
298 1576 345 1613 ad
375 1575 569 1613 Catullum
598 1575 894 1620 adhibebantur,
929 1577 1062 1624 postea
1091 1577 1220 1613 autem
1248 1575 1288 1612 in
1317 1589 1389 1613 usu
1417 1577 1564 1615 versari

148 1640 344 1678 desierunt
367 1640 409 1688 ¹).

771 1929 943 1988 XIV.

274 2066 356 2103 The
400 2065 493 2111 Ode,
536 2066 662 2115 inquit
703 2065 985 2111 Wickhamius,
1029 2066 1061 2103 is
1103 2069 1169 2104 not
1196 2067 1235 2104 in
1264 2066 1447 2105 Horace's
1476 2068 1562 2106 best

143 2144 323 2175 manner,
373 2130 473 2179 quod
520 2129 601 2167 sine
653 2130 766 2167 dubio
809 2130 1049 2167 verissimum
1093 2133 1162 2168 est.
1232 2130 1287 2169 Ut
1333 2145 1435 2181 saepe
1485 2131 1563 2170 iam
1598 2169 1600 2175 s

280 2257 299 2293 ¹)
324 2262 384 2289 Cfr.
409 2263 511 2288 tamen
535 2262 611 2297 Epo.
636 2262 715 2295 XVI,
741 2263 779 2290 47
805 2263 835 2289 et
859 2263 889 2289 in
911 2262 969 2289 hoc
993 2263 1142 2290 carmine:
1167 2263 1249 2290 dulci
1273 2263 1364 2298 (ligne
1385 2263 1561 2297 donaberis,

144 2325 212 2342 cras
236 2316 285 2342 cui
309 2315 464 2347 cornibus,
489 2316 598 2350 primis
621 2316 747 2351 proelia,
774 2315 901 2347 (frustra
924 2315 1060 2349 inficiet),
1084 2317 1179 2343 rubro
1202 2317 1296 2349 rivos,
1321 2318 1351 2344 te
1375 2318 1500 2352 tangere
1514 2318 1560 2349 tu,

142 2369 244 2401 frigus
267 2369 371 2400 fessis,
396 2376 517 2395 vomere
541 2376 628 2402 vagO,
653 2369 772 2403 prmbes
796 2370 910 2404 pecori,
934 2370 990 2397 fies
1013 2370 1155 2403 sontium,
1180 2371 1358 2405 impositam
1382 2371 1492 2402 ilicem,
1517 2370 1561 2396 lo-

143 2431 257 2457 quaces
291 2421 431 2457 lymphae.
479 2422 534 2449 od.
570 2423 621 2449 IV:
653 2424 681 2455 5,
705 2423 863 2458 pollicitus
887 2425 1020 2458 patrum,
1044 2424 1125 2451 veris
1148 2424 1262 2457 vultus,
1288 2424 1370 2452 dulci
1393 2425 1521 2452 distinet
1544 2431 1561 2450 a.

144 2477 245 2508 domo,
283 2474 383 2511 (prata
418 2475 634 2510 perambulat),
669 2477 755 2511 prole
789 2485 958 2512 puerperio,
994 2486 1092 2513 poena
1121 2479 1242 2513 premit,
1268 2479 1417 2506 Parthum
1439 2478 1560 2513 paveat,

148 2530 243 2556 vilem
266 2529 387 2560 viduas,
411 2529 513 2563 magni
537 2537 661 2556 memor.
686 2532 743 2557 otc.
