1768 2856
1058 152 1063 167 1

799 152 1010 213 -74-

320 284 516 323 Praeterea
544 284 645 322 hanc
674 297 825 333 quoque
854 284 1106 322 mutationem
1134 284 1338 323 violentius
1354 298 1436 323 esse
1455 284 1617 332 factam,
1668 284 1673 310 3

192 362 311 398 quam
341 362 427 399 quae
455 348 657 399 probanda
685 348 748 394 sit,
778 348 864 398 quis
883 361 959 387 non
987 348 1116 386 videt?
1171 347 1274 386 Nam
1293 351 1487 399 postrema
1511 351 1615 393 stro—

191 413 270 464 pha
299 413 562 464 pulcherrima
589 412 696 459 nulla
717 412 794 451 alia
823 427 939 452 causa
968 413 1091 452 eiecta
1120 415 1189 459 est,
1219 426 1335 463 quam
1364 414 1465 464 quod
1491 414 1616 454 versi·-

190 479 276 524 bus,
319 478 387 528 qui
428 478 666 528 praecedunt,
709 479 790 515 tam
832 491 952 529 prope
997 491 1135 516 conexa
1165 480 1235 524 est,
1265 480 1308 515 ut
1335 491 1413 516 una
1441 479 1617 534 cum-eis

193 545 410 588 evanescat,
452 555 609 581 necesse
651 542 713 581 sit.
769 542 906 590 Nobis,
950 542 1089 594 quibus
1123 542 1248 581 minus
1279 556 1413 592 aspera
1441 544 1618 583 remedia
1652 542 1655 545 ⁴

193 621 310 657 quam
353 607 565 657 amputatio
607 607 776 656 placent,
820 607 894 645 alio
937 608 1046 646 modo
1088 608 1302 645 sanandum
1335 611 1405 646 est.
1462 602 1565 659 Ego*
1576 609 1611 647 si

192 671 464 711 conicientium
491 672 646 709 turbam
676 683 819 721 augere
848 671 999 717 vellem,
1028 671 1099 709 hoc
1127 672 1237 711 modo
1265 686 1301 710 v.
1334 672 1382 710 12
1406 672 1635 726 '‘legerem-2„
1681 682 1703 694 '⁴

714 784 752 789 —
780 783 817 789 ——
846 785 882 790 —
908 772 1077 807 agrestium

513 814 663 849 Regnavit
685 814 846 842 hominum
868 816 957 850 patre
979 815 1088 842 humili
1111 816 1208 848 satus,
1232 816 1300 845 etc..

321 898 477 936 Addere
518 897 658 935 festino
700 911 762 935 me
790 897 919 947 ipsum
955 898 1044 936 huic
1088 897 1318 936 coniecturae
1347 912 1422 936 non
1448 899 1620 939 multum

191 963 376 1001 tribuere.
433 961 537 999 Nam
578 961 747 1011 primum
790 962 963 1000 codicum
1004 959 1132 1000 verbis
1175 965 1214 1000 et
1244 953 1391 1000 'literas
1423 963 1619 1002 formandi

190 1027 332 1065 rationi
359 1027 474 1064 nimis
504 1028 561 1063 est
590 1025 787 1062 dissimilis
816 1026 873 1074 (id
901 1026 1001 1075 quod
1030 1026 1133 1063 cadit
1151 1026 1191 1063 in
1210 1018 1414 1076 plerasque
1435 1027 1614 1077 doctissi-

191 1104 341 1129 morum
383 1103 533 1140 quoque
575 1089 773 1127 hominum
814 1105 851 1128 v.
895 1104 950 1146 c..
988 1089 1138 1140 Ungeri
1181 1090 1431 1137 coniecturas,
1475 1090 1617 1129 deinde

191 1156 330 1193 ultima
358 1155 509 1205 syllaba
537 1155 577 1192 in
606 1156 777 1205 reqnavit
810 1155 1047 1205 producitur,
1084 1155 1191 1193 cuius
1220 1155 1377 1205 quidem
1404 1155 1462 1193 rei
1489 1149 1629 1202 multa,
1658 1198 1665 1203 ¹
1704 1192 1706 1195 ,
1761 1182 1764 1185 «

193 1219 368 1268 exempla
397 1219 437 1256 in
466 1218 568 1256 thesi
597 1219 700 1268 apud
729 1218 937 1256 Horatium
964 1219 1222 1265 inveniuntur,
1258 1219 1332 1256 „sed
1361 1219 1402 1256 in
1431 1216 1624 1257 carmini-¹

193 1284 265 1321 bus
309 1283 391 1322 eius
420 1283 510 1321 talis
538 1283 739 1333 productio
772 1283 1035 1321 tantummodo
1064 1286 1152 1321 ante
1182 1297 1367 1322 caesuram
1396 1283 1626 1321 admittitur

199 1348 370 1397 exceptis
402 1348 548 1385 duobus
578 1361 632 1385 ex.
663 1346 694 1384 I:
725 1348 762 1391 3,
793 1348 843 1385 36
866 1349 1046 1400 perrupit
1067 1348 1280 1385 Acheronta
1299 1348 1503 1400 herculeus
1512 1348 1619 1385 labor

194 1414 232 1449 et
272 1410 343 1449 III:
389 1412 453 1457 24,
497 1412 533 1456 5,
563 1412 597 1448 εἰ
623 1410 708 1460 fiyit
746 1411 1028 1464 adamantinos,
1064 1411 1131 1449 ubi
1160 1414 1248 1449 ante
1277 1425 1423 1467 graecas
1452 1413 1562 1457 voces
1584 1410 1617 1460 1’)

193 1476 343 1524 syllaba
373 1477 430 1512 est
458 1474 656 1524 producta.
713 1473 850 1523 Itaque
878 1472 1015 1512 melius
1034 1464 1195 1516 fortasse
1211 1475 1291 1512 erit
1306 1489 1397 1513 cum
1417 1475 1462 1512 L.
1483 1475 1614 1512 Muel-

190 1539 270 1578 1010
313 1538 371 1587 (111
412 1541 606 1594 postrema
649 1538 725 1587 ed)
769 1541 858 1577 ante
902 1552 1011 1581 voces
1039 1539 1175 1577 humili
1196 1543 1339 1589 potens
1349 1549 1509 1578 crucem
1539 1532 1631 1591 ap-'

192 1617 336 1653 ponere
366 1604 414 1640 ad
443 1603 761 1653 significandum
772 1617 835 1640 eas
865 1617 947 1658 esse
977 1594 1188 1654 coriuptas.
1235 1603 1278 1641 Si
1299 1604 1385 1653 quis
1405 1602 1503 1641 alius
1523 1617 1614 1653 proe
1639 1640 1642 1643 Δ

192 1667 320 1704 banda
363 1667 583 1706 coniectura
624 1656 750 1705 locum
794 1667 999 1705 emendare
1041 1669 1199 1717 potest,
1216 1668 1265 1705 ei
1279 1667 1417 1718 gratiae
1447 1667 1607 1718 agendae

192 1734 293 1769 sunt.
348 1731 436 1778 „Tu
465 1731 634 1781 quidem,
677 1731 831 1776 lector,“
840 1729 967 1780 inquit
996 1731 1124 1785 aliquo
1153 1725 1239 1772 loco
1263 1731 1522 1778 Casaubonus,
1557 1732 1652 1779 „si‘

193 1798 260 1834 aut
303 1796 351 1834 ab
389 1794 550 1846 ingenio
581 1798 648 1833 aut
683 1795 731 1833 ab
762 1795 836 1833 otio
868 1798 934 1833 aut
963 1809 985 1833 a
1013 1795 1124 1833 libris
1152 1787 1304 1842 melius
1320 1806 1370 1835 es
1388 1789 1615 1842 instructus,

192 1874 265 1911 age
296 1861 531 1899 curriculum
560 1860 784 1911 ingredere.
828 1874 896 1898 nos
932 1861 972 1898 in
1001 1860 1073 1899 hoc
1102 1861 1311 1899 certamine
1340 1861 1515 1912 superari
1545 1874 1617 1911 op-

191 1927 353 1964 tamus.“

323 2160 406 2199 Iam
436 2161 484 2199 ad
512 2161 739 2199 umbilicum
758 2161 967 2199 adductum
988 2163 1045 2199 est
1065 2175 1157 2212 opus
1177 2163 1350 2200 nostrum
1369 2162 1614 2201 subsecivum

192 2229 231 2264 et
260 2227 529 2265 elucubratum
548 2227 731 2276 milleque
750 2226 917 2277 negotiis
937 2226 1237 2276 interpellatum.
1281 2226 1460 2265 Vidimus
1481 2240 1613 2266 eorum
1645 2219 1647 2221 ¹

193 2291 389 2341 opiniones
418 2290 519 2329 male
563 2291 847 2337 concordantes,
879 2290 946 2340 qui
979 2290 1093 2342 longe
1121 2292 1327 2337 maximam
1355 2291 1494 2331 Horati
1524 2305 1612 2330 car-

191 2356 338 2393 minum
389 2358 541 2405 partem
595 2356 777 2401 abiciant,
826 2356 874 2393 ab
923 2356 1024 2393 omni
1072 2356 1406 2395 verisimilitudine
1453 2369 1611 2406 prorsus

326 2492 347 2530 ¹)
370 2497 463 2525 Modo
486 2498 544 2525 hoc
567 2498 689 2531 referat,
713 2507 784 2526 nam
807 2499 868 2526 duo
892 2507 938 2526 ex.
964 2499 1102 2526 sufficere
1125 2508 1185 2527 non
1208 2499 1352 2527 videntur
1375 2499 1415 2527 ad
1430 2499 1612 2528 eliciendam
1645 2498 1648 2500 ’

191 2559 384 2578 communem
407 2552 567 2578 metricam
590 2560 737 2579 normaln.
