1768 2856
733 145 942 182 -23-

123 252 295 291 habeant
328 252 492 302 singulae
528 265 693 301 quaeque
728 255 871 302 partes.
929 252 1014 297 Qua
1041 253 1081 290 in
1110 265 1152 290 re
1180 252 1348 302 primum
1377 253 1545 291 omnium

127 317 264 368 quinta
292 316 462 367 stropha,
479 316 605 355 oculos
633 318 781 355 nostros
811 316 859 354 ad
888 330 929 355 se
958 316 1162 356 convertit:

493 407 655 438 Cerberus,
679 406 820 441 quamvis
843 406 954 433 furiale
977 408 1101 434 centum

493 460 633 487 Muniant
656 467 772 494 angues
796 461 889 495 caput
912 461 989 494 eius,
1013 462 1106 496 atquc

494 515 629 550 Spiritus
651 516 740 541 taeter
764 514 927 550 saniesque
949 515 1053 543 manet

495 569 555 596 Ore
579 568 727 602 trilingui.

257 640 393 678 Keller
437 641 487 677 22
531 640 747 690 philologos
782 639 953 690 insignes
983 642 1192 685 enumerat,
1222 639 1288 689 qui
1318 653 1402 677 eam
1430 654 1549 690 repu-

130 705 334 741 diaverunt
353 704 396 752 ¹).
454 704 602 748 Quibus
645 703 785 740 addere
819 716 1019 751 possumus
1048 703 1348 749 Sehwenckfflm,
1377 702 1547 752 Synner-

130 767 310 817 bergium
354 770 470 818 atque
513 767 631 805 etiam
673 766 984 817 Ljungbergium
1025 769 1247 813 nostratem,
1277 769 1319 805 ut
1346 780 1548 805 numerum

127 833 178 870 25
209 833 440 882 expleamus.
485 832 538 870 Hi
568 846 697 870 omnes
727 846 747 869 e
775 832 954 882 vestigio,
983 833 1160 879 fidenter,
1190 832 1271 870 sine
1299 832 1544 870 haesitatione

129 900 167 935 et
195 897 463 935 misericordia
492 896 690 946 stropham
719 896 914 934 damnant.
972 895 1016 934 L.
1038 896 1218 934 Mueller:
1255 895 1356 942 „Hos
1375 898 1547 942 versus⁴‘‚

129 961 268 1012 inquit,
304 961 357 1008 „si
386 960 605 1011 scripsisset
632 959 740 1006 Hor..
770 960 921 1011 indigni
949 960 1110 999 hercule
1140 963 1250 1000 erant
1277 960 1368 999 libri
1394 960 1487 1008 eius,
1507 961 1549 999 in

129 1027 269 1076 quibus
298 1026 541 1064 recensendis
571 1026 698 1063 Bentl.
721 1028 759 1062 et
778 1025 997 1062 Meinekius
1018 1028 1056 1063 et
1076 1026 1415 1075 praestantissimus
1441 1026 1548 1075 quis-

129 1082 206 1141 que
233 1090 404 1128 locarent
435 1103 602 1139 operam.
660 1088 735 1127 Sed
764 1089 866 1127 enim
895 1102 969 1127 non
998 1090 1187 1140 scripsit.“

259 1156 352 1199 Quae
382 1157 515 1192 contra
543 1154 740 1203 stropham
769 1154 962 1199 dicuntur,
991 1154 1075 1192 haec
1104 1157 1209 1192 sunt:

261 1219 301 1268 1)
330 1218 462 1256 Verba.
504 1219 583 1255 eius
625 1222 735 1268 atque
769 1231 922 1267 prosam
957 1218 1165 1256 orationem
1194 1218 1366 1256 redolent
1395 1221 1433 1256 et
1460 1218 1548 1256 lan-

129 1284 248 1334 guida
277 1286 377 1321 sunt.

260 1347 301 1397 2)
334 1347 456 1385 Toetm·
484 1347 712 1385 vocabulum
742 1361 761 1385 e
790 1346 938 1385 melicis
966 1347 1105 1386 Horati
1135 1347 1348 1386 eiciendum
1378 1349 1446 1385 est.

268 1412 309 1461 3)
340 1412 433 1457 Quae
463 1412 536 1449 hac
565 1411 724 1460 stropha
753 1412 1008 1458 continentur,
1038 1412 1269 1449 fastidienda
1299 1413 1336 1449 et

260 1477 301 1526 4)
330 1490 378 1515 ne
421 1480 512 1526 apta
555 1476 710 1526 quidem
752 1478 852 1513 sunt.
909 1475 1012 1514 Nam
1041 1476 1207 1526 eorporis
1237 1476 1435 1513 dumtaxat
1462 1476 1543 1514 foe-

130 1541 231 1578 ditas
274 1541 432 1578 Cerberi
475 1541 711 1590 depingitur,
755 1554 872 1589 quum
914 1540 1172 1578 necessarium
1215 1542 1315 1577 esset
1356 1540 1429 1577 feri
1465 1540 1549 1577 eius.

131 1605 248 1644 animi
277 1605 511 1644 mentionem
539 1604 670 1644 facere
691 1604 737 1654 2).

261 1670 301 1718 5)
330 1669 498 1719 Stropha
540 1669 643 1707 nullo
687 1670 823 1706 damno
854 1669 966 1706 eximi
994 1671 1132 1718 potest.
1188 1668 1339 1706 Nomen
1370 1657 1549 1706 Cerberus

132 1746 460 1783 supervacaneum
504 1735 572 1779 est,
616 1732 760 1783 quippe
790 1732 889 1782 quod
917 1732 1045 1771 verbis
1076 1733 1217 1770 esscmitor
1246 1733 1422 1770 immanis
1449 1733 1552 1770 aulae

131 1798 225 1836 satis
254 1798 465 1835 indicatum
495 1800 534 1835 et
563 1798 894 1846 circumscriptum
923 1797 985 1834 sit.
1578 1789 1580 1791 ,

260 1861 409 1899 Horum
438 1862 607 1911 pondera
637 1861 767 1898 ordine
798 1861 1031 1899 examinabo,
1364 1907 1366 1909 γ

265 1926 304 1975 1)
333 1925 575 1964 Vocabulum
604 1930 714 1975 atque
742 1925 870 1974 paullo
899 1925 1063 1963 ieiunius
1094 1939 1175 1963 esse
1204 1926 1355 1964 videtur
1384 1929 1422 1964 et
1441 1925 1547 1964 Nae-

133 1991 210 2036 kio,
241 1990 393 2033 Bothio,
416 1989 604 2034 Bentleio‚
626 1989 712 2026 aliis
733 1989 942 2038 displicuit,
963 1989 1116 2035 iniuria,
1132 1992 1175 2027 ut
1190 1990 1349 2040 opinior.
1406 1989 1550 2040 Saepis-

131 2056 227 2093 sime
271 2055 373 2092 enim
416 2054 601 2091 Horatius
644 2054 854 2091 sententias
884 2054 923 2091 in
953 2054 1054 2091 exitu
1083 2067 1260 2092 versuum
1290 2055 1482 2092 exorditur
1511 2057 1552 2092 et

130 2120 171 2156 in
200 2133 325 2163 versu,
356 2131 442 2167 quae
472 2117 658 2166 sequitur,
689 2118 855 2167 peragit.
913 2118 1111 2154 Eiusmodi
1128 2119 1408 2156 enuntiationes
1427 2119 1548 2156 intro-

131 2183 311 2222 ducentia
340 2182 380 2220 in
410 2185 579 2221 extrema
608 2195 788 2220 versuum
816 2184 927 2231 parte
956 2182 1081 2231 posita
1110 2182 1295 2220 vocabula
1323 2185 1413 2220 sunt
1440 2196 1547 2232 pron.

131 2247 213 2293 rel.‚
244 2247 354 2292 coni„
385 2246 484 2291 adv„
513 2259 691 2296 praepos„
722 2248 788 2283 aut
816 2245 1090 2296 monosyllaba,
1120 2249 1163 2284 ut
1191 2251 1236 2296 et,
1265 2248 1311 2296 sl,
1340 2248 1417 2297 ([ιιί,
1438 2245 1548 2298 quod,

131 2325 227 2361 cum,
257 2316 311 2358 ur,
342 2325 397 2360 ne,
428 2324 490 2360 an,
520 2324 601 2358 cur,
631 2313 698 2349 aut
728 2310 930 2361 disyllaba,
952 2313 994 2349 ut
1015 2313 1123 2361 inter,
1144 2325 1240 2362 erqo,
1261 2325 1401 2362 nempe,
1416 2323 1549 2362 porro,

266 2471 287 2508 ’,ι
311 2476 429 2511 Epilog.
455 2476 478 2503 1:
504 2477 575 2503 226.

266 2524 287 2562 ²)
312 2531 347 2557 L.
372 2530 510 2566 Mueller,
535 2530 581 2556 od.
606 2530 675 2556 anni
702 2531 793 2562 1882,
818 2538 887 2564 pag.
913 2531 984 2557 226.
