1768 2856
832 150 1042 188 *38—

227 257 389 304 Charis,
432 257 539 295 Serv.
584 259 988 295 commemoraverunt.
1045 256 1134 294 Non
1162 256 1273 294 decet
1302 270 1364 295 eos
1391 257 1548 302 habere,
1578 256 1646 306 qui
1672 265 1675 267 ’

228 321 364 360 alienae
407 317 612 372 pravitatis
654 335 796 372 poenas
831 322 934 368 dent,
970 323 1009 360 et
1037 320 1320 360 concedendum
1349 324 1418 370 est,
1446 321 1487 361 in
1513 322 1662 374 lyricis

226 386 367 424 Horati
394 387 569 424 nonnihil
597 387 744 437 frigere
774 390 812 424 et
840 387 1010 424 ieiunum
1040 399 1122 423 esse
1144 386 1187 435 ¹).
1652 391 1658 396 '

855 656 1027 716 XVI.

357 793 454 831 Haec
497 794 566 831 ode
610 793 791 831 orationis
835 794 1003 843 quadam
1043 793 1248 831 latitudine
1291 793 1647 844 sententiarumque

228 858 437 895 earundem
472 857 701 907 repetitione
734 857 950 907 paullulum
983 857 1144 903 laborat,
1174 858 1274 907 quod
1307 859 1437 895 tamen
1456 871 1531 896 non
1551 858 1645 897 adeo

229 922 433 960 molestum
476 924 545 960 est.
604 921 785 967 Ceterum
827 922 965 960 eximia
1008 924 1065 960 est
1107 924 1146 960 et
1187 935 1372 973 magnum
1401 925 1648 973 erectumque

228 987 426 1037 scriptoris
469 987 640 1024 animum
673 987 881 1037 significat.
945 986 1185 1036 Quamquam
1213 986 1414 1025 sententiae
1443 987 1649 1025 maximam

226 1053 380 1100 partem
423 1050 599 1101 volgares
644 1054 682 1089 et
724 1064 944 1089 communes
973 1043 1091 1096 sunt,
1116 1053 1246 1088 tamen
1277 1064 1296 1088 e
1326 1051 1461 1101 quinta
1489 1052 1649 1101 stropha

228 1128 417 1164 apparere
446 1115 611 1161 videtur,
642 1129 706 1153 eas
735 1116 784 1153 ad
813 1117 960 1154 certam
987 1128 1070 1153 rem
1097 1117 1284 1165 spectare,
1314 1115 1415 1165 quod
1443 1115 1476 1153 si
1499 1115 1558 1154 ita
1578 1118 1647 1163 est,

228 1178 332 1216 haud
376 1180 491 1217 dubie
534 1180 700 1229 repulsa,
743 1182 787 1217 ut
821 1179 1092 1218 Grotefendius
1125 1179 1271 1229 primus
1304 1179 1414 1226 vidit,
1443 1180 1647 1227 indicatur,

228 1256 345 1291 quam
374 1243 465 1280 tulit
492 1243 707 1293 Augustus,
737 1257 857 1294 quum
885 1243 1046 1280 Horatio
1077 1243 1325 1293 epistolarum
1350 1243 1516 1281 officium
1536 1244 1648 1281 obtu-

227 1306 348 1346 lisset.
406 1307 605 1347 Eiusmodi
647 1308 844 1358 repulsam
885 1307 989 1346 illius
1031 1307 1214 1358 temporis
1248 1308 1394 1346 romani
1421 1308 1649 1359 intellegere

226 1385 301 1407 non
329 1374 520 1420 poterant,
550 1386 640 1409 nam
668 1373 939 1409 stultissimum
968 1385 1050 1409 esse
1070 1373 1261 1421 putabant
1279 1372 1376 1408 illud
1394 1374 1475 1408 tam
1494 1372 1648 1422 insigne

226 1436 385 1486 tamque
415 1438 674 1487 quaestuosum
703 1451 841 1476 munus
862 1436 1075 1488 deprecari.
1123 1436 1307 1476 Horatius
1327 1437 1368 1475 in
1386 1436 1459 1476 hoc
1480 1437 1649 1477 carmine

227 1500 434 1538 Maecenati
477 1502 598 1539 amieo
642 1505 680 1539 et
721 1502 864 1539 fautori
899 1502 1065 1551 repulsae
1094 1502 1281 1539 rationem
1309 1501 1489 1540 reddidit.
1548 1502 1650 1546 Quid

226 1577 369 1615 magna
403 1565 609 1603 multitudo
638 1566 811 1613 sentiret,
847 1579 922 1604 non
952 1566 1125 1604 curabat.
1188 1565 1368 1613 „Divitiae
1396 1565 1519 1604 multa
1546 1565 1649 1604 mala

227 1643 416 1678 curasque
444 1631 585 1667 multas
615 1632 793 1676 afferunt,
823 1644 943 1680 quare
971 1644 1120 1679 pauper
1148 1631 1214 1667 sed
1234 1630 1333 1667 liber
1353 1630 1545 1667 arbitratu
1563 1644 1647 1668 meo

227 1693 358 1731 vivere
378 1693 491 1740 malo,
519 1696 557 1732 et
577 1694 725 1732 beatior
744 1708 840 1740 sum,
862 1707 979 1744 quam
997 1694 1030 1731 si
1049 1693 1259 1731 multarum
1277 1696 1469 1731 terrarum
1488 1693 1647 1743 imperi-

227 1771 293 1794 um
313 1758 538 1796 obtinerem.
595 1758 637 1796 Si
666 1759 816 1808 quando
846 1758 1055 1796 necessitas
1081 1772 1142 1795 me
1162 1749 1330 1808 urgebit',
1360 1761 1403 1795 tu
1422 1758 1518 1795 mihi
1539 1771 1650 1807 opem

227 1820 364 1859 feres.“
427 1822 487 1859 En
507 1822 667 1872 simplex
689 1822 869 1860 carminis
890 1824 1174 1872 argumentum,
1204 1821 1304 1871 quod
1323 1823 1525 1871 poetarum
1543 1835 1648 1860 more

229 1888 407 1924 ornatum
428 1889 466 1924 et
486 1887 668 1937 exemplis
689 1888 921 1925 instructum
942 1889 1011 1925 est.
1060 1886 1224 1924 Carmen
1243 1899 1325 1924 esse
1345 1899 1572 1936 germanum
1590 1886 1649 1924 vis

227 1949 377 1999 ingenii
419 1964 509 1988 vere
544 1951 736 1988 horatiani
766 1954 805 1989 et
834 1951 1014 1988 orationis
1044 1950 1145 1988 color
1173 1950 1406 2000 significant.
1462 1949 1649 1988 Videmus

228 2013 332 2051 enim
375 2015 655 2053 commoditatis
698 2018 736 2053 et
778 2016 846 2053 otii
876 2015 1140 2065 cupiditatem,
1170 2014 1285 2051 nullis
1314 2014 1455 2052 finibus
1484 2014 1648 2066 circum—

226 2078 383 2127 scriptae
426 2078 619 2116 libertatis
663 2093 842 2125 amorem,
886 2080 961 2116 sibi
995 2079 1191 2128 musisque
1219 2078 1374 2116 vivendi
1403 2079 1648 2125 desiderium,

228 2155 315 2192 quae
345 2143 472 2181 omnia
501 2143 639 2181 Horati
668 2143 825 2194 propria
854 2146 963 2182 erant
983 2143 1027 2194 2).

363 2248 382 2286 ¹)
406 2254 484 2281 Vide
509 2254 636 2281 Teuffel.
661 2255 762 2291 Ueber
784 2255 895 2287 Hor-222,
919 2263 989 2289 pag.
1017 2255 1065 2282 14:
1090 2254 1153 2282 Wir
1171 2254 1273 2281 finden
1288 2254 1521 2287 Nt'ichternheit,
1545 2254 1648 2288 Frost,

228 2308 411 2343 prosaisehe
433 2308 643 2344 Wendungen,
666 2309 947 2344 Masslosigkeiten,
972 2309 1021 2336 bei
1045 2308 1143 2336 denen
1165 2309 1219 2336 wir
1243 2309 1287 2336 oft
1312 2317 1403 2343 sogar
1427 2308 1482 2335 des
1504 2308 1649 2336 Dichters

229 2361 391 2395 sonstigen
424 2364 520 2396 guten
556 2364 747 2390 Geschmack
769 2364 949 2395 vermissen,
974 2363 1345 2397 Selbstwiederholungen
1368 2363 1425 2389 etc.
1471 2362 1532 2389 Cfr.
1556 2363 1650 2389 etiam

227 2414 263 2441 L.
288 2415 427 2443 Mueller.
473 2416 577 2451 Biogr.
605 2417 783 2444 116—132.

363 2463 384 2502 ⁵¹)
419 2470 479 2498 cfr.
514 2471 559 2499 W.
595 2471 624 2499 S.
655 2471 782 2499 Teuffel.
817 2471 1013 2499 Litararhist.
1043 2471 1235 2505 Uebersicht,
1266 2480 1338 2507 pgg.
1366 2472 1415 2504 14,
1442 2471 1491 2504 15,
1516 2470 1647 2499 oswald.

226 2524 342 2557 Leben‚
366 2525 531 2551 character
553 2525 617 2551 und
640 2525 841 2560 Philosophia
864 2525 919 2552 des
940 2525 1053 2557 florez,
1077 2532 1149 2560 pgg.
1177 2526 1214 2552 76
1239 2533 1285 2559 sq.
1304 2525 1453 2560 aliosque.
