1768 2856
862 190 1073 228 —39—

386 295 663 346 Hypercritici,
707 308 827 344 quum
859 295 1024 332 multam
1050 295 1285 344 pravitatem
1314 298 1353 333 et
1380 298 1674 345 perversitatem

254 365 300 404 in
328 358 497 402 carmine
524 360 753 411 reperirent,
779 359 820 398 id
848 361 1024 410 egerunt,
1052 361 1097 397 ut
1116 359 1251 398 critica
1269 373 1392 399 vanno
1411 360 1543 411 paleas
1561 362 1672 401 tolle-

242 429 357 466 rent.
388 425 429 464 Si
449 437 565 475 quem
583 423 764 473 scrupuli·
782 423 895 461 valde
923 424 1122 461 stimulent
1148 424 1176 460 &
1194 427 1383 474 pungant,
1402 425 1501 461 nihil
1514 425 1675 463 forsitan

256 503 485 544 germanum
513 487 659 527 habere
686 487 793 535 velit,
827 488 903 526 nisi
931 488 1032 538 quod
1061 488 1110 527 ab
1139 488 1313 527 omnibus
1341 489 1531 545 intactum
1557 490 1675 529 relin-

256 556 401 605 quitur,
430 566 521 589 nam
548 553 709 597 nescias,
740 553 802 589 cui
829 553 925 589 fides
953 553 1005 589 sit
1031 553 1222 589 habenda.
1280 554 1385 602 Ergo
1412 554 1445 590 si
1464 556 1543 590 tres
1564 555 1674 591 dum-

257 620 363 658 taxat
381 616 545 656 maxime
556 615 736 666 ‚insignes
755 615 1046 666 hypercriticos,
1066 615 1292 663 Peerlcmm,
1309 616 1527 664 Lehrsium,
1544 617 1674 668 Grup-

257 684 365 735 pium
392 680 643 731 respicientes
670 680 856 726 videmus,
886 681 979 730 quid
1007 680 1245 727 sustulerint,
1276 695 1319 720 ex
1347 681 1462 720 huius
1492 682 1674 720 carminis

257 745 435 785 undecim
463 744 632 795 strophis
659 744 731 782 hoc
760 747 898 782 restat:

559 856 753 884 Crescentem
777 856 917 891 sequitur
939 864 1012 884 eura
1033 857 1195 892 pecuniam

558 910 771 945 Maiorumque
794 910 900 943 fames,

257 1020 305 1045 ne
352 1005 431 1043 hilo
479 1004 634 1054 quidem
682 1003 867 1053 amplius!
938 1003 1193 1054 Simplicitate
1248 1005 1434 1043 eiusmodi
1484 1005 1672 1055 poematis

257 1069 523 1121 stupescimus,
552 1068 653 1118 quod
682 1068 931 1117 compositum
960 1071 1018 1106 est
1042 1082 1062 1106 e
1087 1069 1321 1118 sesqualtero
1347 1083 1461 1107 versu
1481 1069 1669 1119 asclepia-

254 1136 327 1173 deo
360 1133 506 1172 minore
541 1135 579 1170 et
608 1132 777 1170 continet
804 1145 986 1183 magnam
1013 1133 1229 1171 veritatem.
1285 1132 1423 1183 Neque
1451 1136 1583 1171 tamen
1610 1134 1670 1171 fa-

258 1213 344 1238 cere
372 1211 585 1248 possumus,
615 1197 708 1247 quin
737 1197 966 1243 dubitemus,
995 1211 1087 1235 num
1114 1198 1287 1236 futurum
1311 1198 1441 1243 fuerit,
1470 1201 1514 1236 ut
1532 1198 1672 1237 Horati

253 1262 396 1300 ‚melica
431 1274 547 1298 aurea
581 1261 648 1297 illa
682 1274 847 1298 romanae
875 1274 1031 1310 poeseos
1060 1264 1174 1298 aetate
1202 1262 1320 1298 tantis
1348 1262 1527 1299 laudibus
1556 1263 1670 1300 effer·
1722 1312 1726 1315 Ι

257 1329 403 1373 rentur,
446 1325 479 1364 si
520 1327 601 1364 tam
642 1324 779 1363 mutila
806 1324 981 1372 fuissent,
1011 1325 1078 1364 sed
1106 1339 1180 1364 non
1208 1328 1334 1376 potest
1363 1326 1546 1374 dubitari,
1575 1326 1670 1377 quin

257 1391 368 1441 pueri
410 1390 569 1434 romani,
612 1390 679 1438 qui
719 1403 795 1426 non
827 1390 909 1427 sine
944 1390 1079 1427 sudore
1109 1391 1280 1427 carmina
1307 1390 1447 1428 Horati
1475 1392 1669 1429 memoriae

256 1455 515 1502 inculcabant,
544 1454 646 1497 illius
674 1454 857 1505 temporis
885 1453 1154 1506 hypercriticis
1184 1454 1357 1494 doctrina
1383 1455 1670 1495 abundantibus

256 1521 404 1571 gratias
433 1520 556 1558 acturi
583 1509 766 1565 fuerint‚‘
781 1520 814 1556 si
844 1520 974 1565 obelis,
1004 1520 1254 1565 athetesibus,
1285 1521 1474 1567 cerauniis
1505 1521 1669 1570 aliisque

255 1584 438 1624 censoriis
466 1583 565 1622 notis
595 1583 721 1622 omnia
749 1583 918 1622 carmina
946 1597 1057 1634 paene
1086 1584 1134 1622 ad
1162 1583 1311 1622 nullum
1339 1584 1540 1623 redissent.

387 1648 597 1686 Concordia
639 1648 757 1685 trium
798 1648 951 1686 illorum
979 1649 1198 1686 criticorum
1225 1649 1366 1686 misera
1395 1652 1465 1687 est.
1521 1649 1669 1688 Peerlc.

256 1712 458 1750 minimum
487 1711 601 1757 delet,
631 1712 698 1749 sed
727 1712 775 1749 ab
805 1711 891 1749 aliis
919 1711 1030 1750 valde
1059 1711 1264 1761 discrepat.
1321 1711 1397 1750 Str.
1430 1713 1465 1758 1,
1495 1713 1532 1758 3,
1564 1714 1600 1758 4,
1632 1713 1668 1759 7,

258 1778 305 1814 11
338 1790 532 1827 germanae
561 1778 651 1814 sunt
679 1777 782 1825 apud
801 1776 1018 1821 Lehrsium,
1048 1776 1189 1825 spuriae
1211 1777 1312 1825 apud
1334 1776 1569 1826 Gruppium;
1599 1780 1667 1815 str.

256 1841 294 1886 8,
325 1842 361 1886 9,
394 1841 443 1878 10
486 1853 680 1890 germanae
723 1842 812 1877 sunt
854 1840 954 1889 apud
984 1839 1212 1889 Gruppium.
1241 1838 1382 1889 spuriae
1412 1841 1515 1890 apud
1544 1840 1668 1878 Lehr-

252 1905 367 1943 sium.
415 1904 594 1955 Regnum
623 1904 927 1954 hypercriticum
945 1903 1149 1942 manifesto
1170 1917 1299 1942 secum
1317 1904 1444 1954 ipsum
1464 1905 1668 1944 discordat.

257 1968 453 2019 Gruppius
488 1969 674 2018 queritur,
710 1969 811 2018 quod
835 1968 981 2006 Peerlc.
1011 1969 1051 2005 in
1070 1968 1140 2006 hoc
1160 1968 1328 2006 carmine
1347 1969 1547 2006 tractando
1566 1983 1668 2019 prae-

257 2033 535 2071 stantissimum
565 2046 658 2082 opus
677 2046 752 2071 non
772 2033 947 2077 ediderit,
967 2032 1150 2071 Lehrsius
1170 2046 1256 2071 cum
1274 2032 1559 2070 fraudatoribus
1579 2047 1669 2071 con-

253 2098 481 2135 cordaverit.
544 2097 670 2135 Triste
704 2097 897 2135 mehercle
935 2099 973 2134 et
1002 2098 1183 2135 acerbum
1213 2103 1271 2134 est
1301 2096 1474 2142 Lehrsio,
1504 2098 1572 2146 qui
1600 2112 1669 2147 pro

256 2162 360 2200 virili
387 2164 498 2212 parte
529 2163 685 2212 operam
711 2161 881 2208 navavit,
910 2165 954 2200 ut
981 2161 1135 2199 fraudes
1162 2161 1373 2212 detegeret,
1395 2174 1417 2198 a
1437 2160 1535 2199 socio
1556 2161 1670 2212 argui

253 2239 296 2264 se
326 2240 412 2264 cum
441 2226 548 2264 miris
577 2226 661 2264 istis
688 2228 727 2263 et
745 2226 943 2264 sceleratis
962 2226 1180 2264 hominibus
1201 2226 1426 2269 consentire,
1456 2226 1523 2275 qui
1542 2239 1669 2275 neque

256 2290 389 2341 gloriae
427 2290 683 2341 adipiscendae
711 2303 836 2342 neque
864 2290 924 2328 sui
953 2289 1197 2328 emolumenti
1226 2303 1340 2328 causa
1369 2288 1524 2338 (nomen
1552 2290 1669 2328 nimi·

253 2367 341 2393 rum
384 2355 599 2405 dilegenter
628 2355 828 2393 celandum
857 2357 952 2401 erat,
994 2368 1042 2393 ne
1077 2354 1199 2393 scelus
1227 2354 1461 2404 patefieret),
1504 2355 1573 2393 sed
1600 2369 1670 2394 ne-

254 2418 373 2458 fanda
400 2419 550 2458 malitia
577 2422 824 2470 posterosque
854 2419 1030 2458 eludendi
1057 2419 1182 2457 studio
1213 2419 1368 2457 adducti
1393 2419 1671 2470 interpolantes

254 2497 344 2523 acre
387 2487 581 2524 certamen
622 2486 823 2523 moverunt
856 2487 895 2523 et
928 2484 1066 2523 Horati
1094 2484 1326 2534 interpretes
1354 2484 1396 2522 in
1423 2484 1516 2523 bina
1545 2487 1671 2524 castra

253 2547 398 2586 infesta
427 2549 650 2587 eduxerunt.
