1768 2856
992 16 1056 43 <v

871 140 1082 203 —524

263 274 453 312 incuriam
483 274 725 323 exprimeret,
756 287 800 311 ex
829 272 955 311 catulo
984 273 1165 310 iudicem*
1179 274 1400 311 certaminis
1427 273 1568 319 facere,
1596 286 1693 312 nam

264 336 415 373 catulus
443 336 550 373 nulla
578 349 647 373 sua
675 335 873 374 voluntate
900 335 1063 373 leaenam
1090 336 1244 373 secutus
1274 337 1386 373 esset.

665 425 772 458 Qualis
796 427 850 454 aut
872 426 985 454 Nireus
1008 426 1067 453 fuit
1090 426 1145 453 aut
1167 433 1286 461 aquosa

667 480 789 515 Raptus
812 480 851 507 ab
874 480 939 507 Ida.

401 562 549 601 Peerlc.
580 562 704 601 credit
732 567 869 613 raptus
896 562 1135 601 substantive
1163 562 1228 601 hic
1256 561 1436 612 usurpari
1464 574 1540 600 non
1559 574 1683 612 posse,

263 640 381 676 quare
410 641 479 677 pro
506 627 586 675 fuit
620 627 790 665 scribere
818 627 902 665 vult
923 640 1034 677 puer,
1064 640 1180 676 quam
1208 640 1341 665 vocem
1368 626 1554 664 Horatius
1573 625 1687 664 facil-

261 690 353 728 lime
395 691 583 740 potuisset
626 690 824 728 adhibere.
894 691 1058 728 Mutatio
1100 692 1231 727 tamen
1265 703 1341 727 non
1370 692 1428 727 est
1455 689 1685 732 necessaria,

261 767 387 804 neque
430 754 604 792 codicum
644 753 758 792 lectio
800 756 859 792 est
900 753 1228 805 reprehendenda.
1298 753 1399 792 Vide
1429 753 1602 791 eiusdem
1628 751 1686 791 rei
1740 750 1750 763 ⁸

265 832 335 866 ex„
366 833 451 869 quae
481 819 613 857 attulit
640 818 977 869 Naegehbaohius,
1007 819 1084 857 stil.
1114 819 1201 857 Lat.
1231 833 1270 869 p.
1303 819 1366 856 73.

391 883 541 929 Restat,
561 886 604 921 ut
623 883 743 921 verba
756 885 905 933 pouisse
923 884 1049 932 fertur
1067 884 1297 921 intueamur.
1327 882 1450 920 Nemo
1478 881 1687 931 infitibitur

261 947 448 998 languida
476 948 560 986 haec
590 961 684 994 esse,
715 961 800 998 quae
830 948 980 986 utinam
1008 948 1211 998 quisquam
1238 946 1435 985 tolerabili
1467 946 1687 985 coniectura

261 1014 413 1049 mutare
448 1014 598 1061 posset!
655 1011 792 1061 Unger
822 1012 985 1049 coniecit
1012 1013 1140 1060 fervet.
1196 1011 1343 1048 Peerlc.
1373 1010 1496 1049 credit
1525 1010 1686 1048 eandem

263 1075 439 1114 fervendi
467 1075 545 1113 vim
570 1075 611 1113 in
638 1076 755 1113 verbo
774 1075 902 1124 fertur
929 1076 1053 1113 inesse
1072 1075 1195 1125 posse,
1225 1075 1326 1124 quod
1344 1088 1420 1113 non
1447 1075 1687 1126 significaret

261 1141 365 1179 idem
391 1141 491 1190 quod
511 1141 664 1189 dicitur,
694 1141 760 1178 sed
789 1154 874 1178 cum
902 1142 1043 1190 impetu>
1070 1142 1161 1178 ruit.
1209 1140 1284 1178 Sed
1302 1153 1427 1188 neque
1446 1140 1596 1178 fervere
1614 1153 1684 1178 ne-

261 1218 336 1253 que
356 1218 443 1241 cum
461 1205 610 1253 impetu
636 1217 748 1241 ruere
778 1204 954 1241 convenit
974 1217 1060 1241 cum
1080 1203 1227 1240 incuria
1247 1205 1286 1240 et
1304 1203 1565 1253 neglegentia,
1586 1217 1681 1252 quas

262 1267 466 1306 Nearchus
495 1268 536 1305 in
565 1267 775 1306 certamine
804 1267 1013 1317 spectando
1043 1267 1220 1305 ostendit.
1277 1266 1529 1305 Tutissimum
1556 1267 1683 1305 nescio

262 1346 312 1369 an
361 1332 411 1369 sit
453 1332 537 1370 haec
578 1332 697 1370 verba
738 1332 786 1369 ad
815 1345 969 1369 versum
1004 1331 1231 1381 explendum
1261 1331 1393 1368 addita
1422 1344 1504 1369 esse
1531 1333 1682 1381 putare.

260 1396 391 1447 Atque
433 1399 515 1436 tota
556 1397 639 1436 haec
684 1397 751 1435 ode
788 1397 925 1448 exigua
959 1396 1027 1434 illa
1062 1396 1229 1447 quidem,
1272 1396 1340 1435 sed
1368 1410 1493 1447 neque
1522 1397 1683 1435 obscura

259 1475 385 1511 neque
414 1462 573 1501 Horatio
603 1462 765 1512 indigna
793 1462 974 1499 habenda
1003 1464 1072 1499 est.

889 1831 1069 1891 XXI.

390 1958 474 1997 Hoc
508 1972 662 1997 carmen
690 1959 791 1996 inter
819 1959 1081 2008 pulcherrima
1109 1959 1222 1997 huius
1251 1959 1342 1997 libri
1378 1961 1447 1997 est.
1504 1958 1683 1997 Rotunda

260 2025 319 2060 est
348 2025 387 2060 et
416 2025 508 2072 apta
537 2022 770 2071 compositio,
809 2036 935 2072 neque
964 2023 1175 2073 quidquam
1202 2023 1277 2061 nisi
1307 2023 1563 2061 concinnitate
1592 2036 1682 2073 per-

259 2087 418 2124 turbata
448 2086 550 2124 demi
569 2088 708 2136 potest.
752 2086 1105 2125 Commemorarunt
1130 2087 1346 2126 scholiastae
1367 2090 1405 2125 et
1425 2088 1681 2137 grammatici,

259 2151 374 2197 Acro,
417 2151 574 2200 Porph.‚
618 2151 837 2197 Diomedes,
876 2151 1023 2189 Marius
1052 2151 1287 2198 Victorinus,
1324 2151 1491 2189 Servius.
1548 2152 1682 2190 Nihilo

257 2215 385 2253 minus
427 2214 528 2253 male
563 2214 782 2252 mulcarunt
815 2214 1081 2265 hypercritiei.
1137 2214 1193 2254 Ut
1220 2229 1295 2253 non
1323 2215 1425 2253 inter
1453 2228 1493 2253 se
1523 2229 1681 2254 consen-

258 2280 370 2327 tiant,
413 2282 494 2318 tam
535 2294 638 2330 saepe
680 2280 765 2318 fieri
803 2280 909 2327 solet,
953 2281 1014 2319 vix
1042 2283 1086 2318 ut
1113 2281 1305 2319 mentione
1335 2281 1495 2330 dignum
1523 2281 1585 2327 sit,
1615 2282 1682 2320 sed

258 2345 359 2383 hanc
388 2358 504 2382 unam
532 2358 615 2382 rem
644 2344 913 2382 auctoritatem
943 2358 1073 2383 eorum
1101 2345 1212 2387 valde
1241 2345 1450 2391 infirmare,
1466 2382 1470 2389 ,
1489 2345 1574 2396 quis
1607 2359 1683 2384 non

258 2409 389 2448 videt?
446 2409 553 2455 Quod
575 2410 651 2448 ex:i
672 2410 800 2460 gratia
820 2409 967 2448 Peerle.
989 2410 1099 2460 quasi
1119 2410 1294 2460 spurium
1314 2410 1428 2456 delet,
1449 2410 1488 2448 id
1509 2410 1682 2461 Gruppio

265 2474 589 2524 „pulcherrimum
634 2477 672 2511 et
705 2474 865 2512 Horatio
902 2474 1192 2524 dignissimum“
1227 2474 1392 2520 videtur,
1422 2475 1523 2524 quod
1552 2477 1682 2513 autem

258 2537 405 2577 Peerlc.
449 2538 637 2577 intactum
679 2539 876 2588 relinquit,
912 2539 952 2576 id
981 2528 1177 2589 Gruppius
1205 2538 1411 2577 ridiculum
1441 2541 1479 2577 et
1506 2532 1694 2577 miseni>
