1768 2856
773 186 822 191 —
853 144 983 202 49'-

122 304 124 306 ψ
160 272 244 314 'tres
277 272 450 324 prohibet
489 285 609 322 supra
648 276 798 321 tanyere
827 272 970 321 qratia,
999 273 1130 308 utrum
1158 273 1334 320 spectent
1361 273 1409 309 ad
1438 276 1583 311 certam

156 326 427 377 'occassionem
455 349 504 372 an
531 336 663 373 fictam
691 334 751 382 (ut
778 334 823 372 L.
853 333 1020 372 Mueller
1049 333 1200 383 credit),
1230 347 1304 383 quo
1323 335 1432 372 modo
1452 339 1581 385 partes

161 402 269 441 ,inter
310 413 350 438 se
395 399 624 445 cohaereant,
669 400 741 437 cet.
798 398 858 436 De
900 398 961 437 his
1005 398 1179 436 omnibus
1221 398 1336 436 rebus
1365 412 1474 436 suam
1501 399 1582 438 fere

165 465 333 516 quisque
363 463 487 501 editor
506 462 724 512 opinionem
742 462 873 508 habet,
899 475 1025 512 neque
1045 462 1257 511 quidquam
1275 476 1460 512 umquam
1479 466 1583 501 certe

165 527 456 568 diiudicabitur.

289 581 349 630 ¹Ut
392 604 463 641 ego
506 604 655 641 quoque
697 591 738 628 in
753 590 962 644 ⁸lubricam
990 591 1296 629 coniecturarum
1325 591 1494 641 glaciem
1521 605 1582 629 me

164 656 374 701 conferam,
405 655 634 693 crediderim
661 655 868 693 Horatium
896 655 1104 693 secundum
1133 655 1349 693 convivium
1377 654 1474 693 illud
1498 668 1582 700 me·

161 720 286 759 moria
329 719 530 757 etiamtum
571 720 718 758 recenti
751 720 871 757 musis
901 722 939 757 et
968 720 1244 769 quodammodo
1272 719 1424 757 Baccho
1454 720 1581 758 conci-

163 787 289 823 tatum
331 781 485 821 carmen
526 784 737 838 scripsisse,
780 784 820 821 in
854 784 936 834 ipso
971 786 1101 822 autem
1129 784 1301 822 convivio
1329 797 1503 822 sermone
1532 785 1581 822 ad

161 862 225 887 res
252 847 360 886 taedii
387 847 521 897 plenas
551 847 739 896 declinato
767 848 910 886 lenitur
940 848 1208 899 obiurgantem
1236 862 1277 886 se
1302 848 1344 886 in
1365 847 1581 899 Telephum

164 912 411 957 convertisse,
439 926 614 962 eumque
642 913 835 950 hortatum
871 926 964 959 esse,
994 916 1037 950 ut
1067 913 1214 951 omissis
1242 914 1357 951 rebus
1385 913 1579 951 historicis

172 977 249 1015 suis
279 978 318 1014 et
346 976 633 1026 arehaeologicis
663 990 708 1014 ea
735 979 923 1023 narraret,
953 990 1038 1026 quae
1068 977 1115 1014 ad
1144 977 1317 1015 convivia
1345 980 1578 1027 spectarent,

160 1043 207 1078 ut
238 1040 324 1090 quis
354 1053 494 1089 aquam
513 1042 768 1089 temperaret,
799 1043 885 1086 cet.,
914 1040 998 1078 haec
1027 1041 1190 1090 denique
1218 1041 1337 1078 verba
1357 1041 1434 1088 (vv.
1456 1042 1577 1090 5—8)

160 1117 239 1142 non
272 1103 395 1141 solum
429 1104 478 1141 ad
507 1103 743 1142 celebratum
771 1103 867 1141 illud
895 1104 1111 1141 convivium
1138 1104 1204 1142 sed
1233 1104 1282 1141 ad
1310 1105 1456 1154 quaevis
1485 1119 1576 1143 con-

163 1168 267 1207 vivia
296 1171 484 1218 spectare.
532 1168 621 1206 Non
649 1181 734 1206 sum
761 1168 912 1206 nescius
941 1168 1059 1206 etiam
1086 1168 1185 1207 hanc
1217 1169 1578 1219 interpretationem

160 1233 455 1271 difficultatibus
497 1232 684 1279 laborare,
715 1233 782 1270 sed
809 1232 980 1282 partium
1007 1232 1144 1270 saltem
1173 1233 1385 1271 coniunctio
1415 1236 1454 1271 et
1483 1247 1574 1272 con-

162 1297 357 1336 venientia
387 1297 609 1347 explicatur,
640 1310 725 1347 quae
754 1297 795 1335 in
823 1297 894 1336 hoc
924 1298 1092 1336 carmine
1122 1298 1170 1335 ad
1189 1298 1492 1348 intellegendum
1511 1312 1573 1337 res

160 1362 389 1400 difficillima
417 1362 504 1408 fuit,
534 1375 697 1412 quaeque
725 1361 930 1400 Lehrsium
958 1362 1123 1412 impulit,
1153 1365 1196 1399 ut
1224 1362 1264 1399 in
1290 1363 1375 1408 duo,
1396 1362 1574 1410 Sivrium,

161 1429 204 1465 ut
231 1427 272 1464 in
292 1425 376 1465 vtria
405 1427 574 1465 carmina
603 1427 803 1473 divideret,
828 1426 1055 1473 Peerlczum,
1083 1430 1126 1464 ut
1153 1430 1303 1476 partem
1329 1428 1575 1476 posteriorem

157 1493 280 1528 totam
309 1490 361 1539 (v.
392 1491 540 1539 9—28)
568 1491 732 1529 reiceret
754 1491 796 1540 l).

289 1555 366 1593 Cur
406 1555 553 1593 Peerlc.
596 1558 653 1593 tot
688 1569 820 1593 versus
858 1555 1055 1601 abiecerit,
1093 1555 1291 1605 praecipua
1320 1569 1435 1593 causa
1463 1555 1504 1592 in
1533 1569 1575 1593 eo

158 1619 241 1668 ipso
283 1619 408 1657 inesse
449 1620 613 1664 videtur,
654 1620 754 1669 quod
788 1621 869 1657 tam
897 1619 1018 1656 multa
1046 1619 1086 1656 in
1116 1619 1285 1656 carmine
1313 1619 1418 1656 varie
1448 1619 1569 1668 expli-

159 1685 307 1721 cantur.
369 1683 428 1721 De
474 1683 547 1721 hac
595 1696 709 1721 causa
754 1696 802 1721 ne
849 1683 1009 1721 verbum
1055 1683 1211 1732 quidem
1258 1683 1438 1729 dicemus,
1485 1696 1574 1721 nam

159 1761 289 1785 omnes
331 1747 518 1785 moderati
562 1747 687 1785 critici
728 1747 960 1797 intellegunt
1003 1747 1211 1784 absurdum
1240 1760 1322 1784 esse
1350 1746 1443 1784 talia
1472 1747 1574 1796 apud

159 1811 336 1862 antiquos
378 1811 583 1862 scriptores
626 1811 757 1861 spuria
798 1811 954 1856 habere,
998 1825 1084 1861 quae
1125 1813 1191 1849 aut
1231 1811 1279 1849 ad
1308 1811 1572 1861 explicandum

159 1876 331 1914 difficilia
385 1877 474 1923 sint,
527 1879 594 1914 aut
642 1877 748 1914 varie
791 1876 1039 1926 explicentur.
1110 1876 1204 1921 Quae
1247 1878 1378 1915 contra
1420 1876 1572 1927 singula

158 1953 322 1991 quaeque
371 1942 490 1980 verba
541 1942 666 1988 affert,
717 1955 875 1979 morosae
926 1944 1015 1978 sunt
1066 1944 1105 1979 et
1146 1941 1292 1991 putidae
1334 1941 1570 1979 subtilitatis.

165 2004 276 2051 „Sein
318 2006 429 2056 Spott
450 2005 566 2044 ‘fiber
603 2006 664 2043 die
698 2006 766 2043 der
799 2005 941 2051 Nacht,
980 2006 1067 2043 dem
1095 2006 1235 2043 Monde
1263 2006 1340 2042 und
1369 2006 1455 2043 dem
1484 2006 1571 2042 Mu-

158 2081 251 2107 rena
291 2070 332 2107 in
375 2071 500 2108 einem
542 2070 783 2120 Athemzuge
820 2069 1059 2120 gebrachten
1089 2069 1376 2107 Gesundheiten
1403 2069 1454 2106 ist
1481 2069 1572 2107 kein

158 2133 544 2175 wissenschaftlicher
585 2134 751 2172 Beweis“
778 2134 823 2184 2).
870 2133 1017 2184 &Neque
1060 2134 1196 2172 melior
1225 2136 1282 2171 est
1317 2133 1460 2171 notatio
1490 2134 1571 2171 eius

165 2199 334 2248 „gratias
363 2213 472 2249 aeque
502 2201 617 2249 atque
645 2212 773 2236 musas
801 2198 970 2248 impares
1000 2200 1103 2237 esse“
1139 2201 1204 2236 aut
1233 2197 1431 2244 dubitatio,
1458 2199 1572 2235 “num

158 2263 281 2313 spissa
324 2264 462 2315 capitis
497 2278 603 2303 coma
644 2263 684 2301 in
727 2263 1054 2302 commendatione
1097 2262 1392 2313 pulchritudinis
1433 2262 1572 2300 haberi

158 2329 312 2376 possit,“
348 2331 419 2367 cet.
468 2329 544 2367 Cur
571 2329 698 2367 vicina
725 2342 801 2366 non
828 2328 971 2366 habilis
999 2329 1081 2366 sem'
1111 2327 1381 2377 appellaretur,
1408 2327 1573 2365 credidit

292 2468 312 2506 ¹)
337 2474 433 2507 Idem,
457 2473 540 2508 quod
563 2472 789 2507 expectandum
812 2474 888 2505 erat,
914 2473 1074 2508 Gruppius
1097 2472 1178 2498 fecit.

291 2521 312 2559 2)
336 2528 488 2560 Luebker‚
512 2534 581 2562 pag.
606 2527 677 2553 483.
