1768 2856
853 167 1063 205 —54-

238 278 297 312 est
340 274 560 312 Bentleium
603 275 712 324 sequi
754 288 871 325 quam
913 275 1130 321 Lehrsium,
1166 275 1233 325 qui
1269 285 1338 326 pro
1364 287 1501 327 ¹servas
1528 276 1669 314 moveri
1711 279 1713 281 ’

237 339 356 390 (liqna
385 338 484 390 legit
512 339 628 390 (liqna
657 343 690 377 et
718 341 858 379 moveri
886 344 979 378 testa
998 341 1037 378 et
1056 353 1124 390 pro
1145 344 1178 378 te
1196 339 1312 378 Liber
1330 344 1364 378 et
1382 341 1417 379 si
1436 340 1523 379 loeta
1541 340 1667 380 aderit

246 404 374 441 Venus
402 404 590 441 violenter
617 404 787 442 scribere
816 405 900 442 vult
929 409 1045 442 tecum
1075 404 1229 442 libenter
1257 405 1345 442 loeta
1372 405 1495 442 aderit
1530 404 1665 443 Venus.

365 467 497 507 Tertia
525 468 684 519 stropha
704 468 881 508 Prienius
902 469 1107 508 offenditur
1128 469 1170 519 ¹).
1207 468 1372 508 Causam
1392 468 1565 520 aliquam
1585 483 1662 508 non

238 533 382 576 attulit,
412 533 488 571 nisi
516 534 616 582 quod
646 533 740 571 dicit
770 548 923 572 carmen
953 534 1119 583 demptis
1147 536 1215 571 str.
1246 534 1270 571 3
1301 534 1328 571 &
1358 535 1381 572 6
1405 534 1666 572 rotundiorem

241 597 340 644 fieri,
370 597 410 635 id
438 597 539 647 quod
559 610 634 635 non
653 596 852 648 intellego.
895 597 1025 635 Aliam
1043 599 1174 636 tamen
1198 610 1241 635 re
1260 611 1352 644 vera
1372 610 1528 636 causam
1546 597 1683 637 fuisse*

238 661 356 700 facile
386 664 444 700 est
471 661 615 700 videre.
664 661 813 701 Peerlc.
844 663 946 700 enim
974 664 1041 700 str.
1072 663 1095 700 6
1116 661 1347 712 repudiavit,
1378 664 1493 711 atque
1512 664 1556 699 ut
1575 675 1665 700 con-

239 721 461 775 gruentiam
493 727 532 762 et
561 725 859 763 concinnitatem
880 726 981 763 inter
1006 725 1245 775 „stropham“
1272 728 1311 763 et
1336 724 1659 775 „antistropham“

241 789 478 835 restitueret,
509 788 662 827 Prienio
682 790 840 827 tertiam
860 802 1009 840 quoque
1029 789 1227 840 stropham
1248 790 1372 828 eicere
1391 803 1548 828 necesse
1568 792 1664 829 erat.

370 853 520 904 Gruppi
549 854 674 892 Minos
704 853 812 905 (pag.
835 856 926 901 424,
953 854 1027 905 sq.)
1056 856 1123 893 str.
1153 855 1177 892 4
1198 856 1237 892 et
1256 855 1279 892 5
1300 868 1605 905 supervacaneas
1626 857 1665 894 et

239 919 392 969 ineptas
422 932 505 956 esse
536 919 684 957 statuit.
743 919 891 964 Quibus
920 919 1075 957 remotis
1105 921 1286 969 quattuor
1313 921 1461 957 restant
1482 919 1663 969 strophae,

237 996 333 1032 quas
360 983 471 1033 quasi
502 983 696 1033 specimen
717 983 899 1021 carminis
920 983 1072 1021 rotundi
1093 986 1131 1021 et
1150 983 1402 1033 pulcherrimi
1418 983 1599 1021 exscribit
1618 983 1662 1033 2).

237 1047 351 1085 Alter
379 1050 509 1085 autem
537 1048 662 1092 iudex,
692 1047 844 1085 Aeacus
874 1047 929 1097 (p.
960 1049 1050 1093 411,
1071 1048 1186 1097 sqq.),
1205 1048 1372 1097 primam
1392 1061 1542 1097 quoque
1563 1050 1663 1086 stro-

238 1111 357 1161 pham
387 1111 546 1149 delendo
577 1114 615 1149 et
644 1125 798 1149 carmen
829 1111 961 1149 critico
990 1125 1057 1149 suo
1085 1114 1273 1149 tormento
1303 1112 1351 1148 ad
1379 1115 1458 1149 tres
1485 1111 1662 1162 strophas

238 1175 294 1224 (2,
326 1178 363 1222 3,
395 1176 435 1225 6)
478 1176 693 1214 reducendo
721 1176 1052 1226 pulchritudinem
1081 1178 1119 1214 et
1147 1176 1424 1214 rotunditatem
1452 1172 1662 1226 pertubare

236 1254 313 1278 non
343 1241 547 1279 dubitavit.
597 1240 692 1279 Haec
722 1253 807 1290 quae
837 1243 997 1285 restant,
1027 1241 1178 1279 Aeacus
1207 1240 1413 1279 Horatium
1441 1255 1573 1280 secum
1600 1241 1661 1291 ip-

237 1319 321 1342 sum
364 1305 486 1343 solum
528 1305 697 1343 locutum
728 1318 811 1343 esse
842 1305 978 1351 credit,
1009 1319 1126 1355 quum
1154 1306 1195 1343 in
1223 1305 1411 1355 apotheca
1438 1319 1468 1343 S.
1498 1306 1662 1344 fumario

237 1370 455 1407 ambularet
501 1370 727 1419 copiamque
770 1369 849 1407 vini
893 1369 1012 1407 oculis
1049 1369 1233 1408 lustraret
1262 1372 1300 1407 et
1329 1370 1553 1419 amphoram
1582 1370 1662 1409 vini

235 1434 391 1472 massici
425 1434 628 1483 aspiceret.
653 1483 660 1489 -
687 1434 880 1478 Quomodo
910 1434 955 1479 is,
985 1434 1051 1483 qui
1080 1433 1189 1483 legit,
1219 1434 1317 1472 scire
1346 1434 1479 1483 possit,
1508 1437 1663 1484 poetam

237 1497 447 1535 allocutum
485 1511 567 1535 esse
605 1498 843 1547 amphoram,
874 1511 959 1548 quae
988 1511 1179 1547 nusquam
1206 1498 1435 1544 nominetur,
1466 1497 1661 1548 Gruppius

237 1575 312 1599 non
342 1562 521 1599 ostendit.
566 1564 659 1606 Quae
690 1564 822 1599 contra
857 1564 925 1599 str.
962 1561 1105 1607 attulit,
1134 1562 1212 1599 iam
1240 1575 1370 1599 sumus
1400 1562 1659 1612 contemplati.

239 1627 316 1663 Str.
348 1627 371 1663 4
403 1627 429 1663 δι
459 1627 482 1663 5
514 1626 628 1671 delet,
660 1626 760 1675 quod
791 1626 868 1663 sint
888 1626 1019 1675 inepta
1040 1626 1220 1664 carminis
1241 1640 1263 1663 a
1283 1625 1518 1676 Bacchylide
1537 1626 1661 1677 scrip-

236 1690 267 1726 ti
297 1690 461 1727 imitatio
491 1689 662 1737 (melicos
692 1702 905 1739 graecorum
934 1689 1131 1735 Horatius,
1160 1692 1204 1727 ut
1233 1690 1407 1727 omnibus
1436 1692 1568 1727 notum
1589 1693 1659 1737 est,

237 1767 339 1803 saepe
370 1756 427 1791 est
456 1753 659 1802 imitatus),
681 1756 719 1791 et
738 1753 905 1803 ineptias
924 1753 1178 1803 perridiculas
1199 1753 1430 1791 contineant.
1474 1753 1661 1805 Exempla

238 1819 352 1855 affert
381 1818 459 1855 lene
488 1822 712 1855 tormentum
742 1820 780 1856 et
807 1819 975 1868 viresque
1003 1822 1036 1855 et
1064 1818 1175 1855 addis
1203 1831 1345 1855 cornua
1367 1820 1545 1868 pauperi,
1575 1832 1660 1868 quae

238 1882 358 1919 verba
387 1882 422 1919 ei
457 1882 620 1919 ridicula
654 1882 845 1919 videntur.
903 1882 1004 1919 Lene
1035 1886 1259 1919 tormentum
1286 1884 1416 1919 tamen
1446 1881 1660 1933 eBacchy-

240 1946 332 1983 lidis
361 1946 569 1990 vocabulis,
599 1959 685 1994 quae
714 1948 803 1982 sunt
831 1944 969 1991 γλυκεῖ’
1000 1943 1142 1991 ἀνάγκα
1171 1959 1394 1983 conversum
1424 1948 1481 1983 est
1499 1946 1660 1996 ipseque

239 2009 335 2047 Hor.
383 2009 457 2048 alio
485 2009 566 2047 loco
595 2009 712 2047 simili
740 2010 856 2047 verbo
886 2023 976 2047 usus
1006 2012 1074 2054 est,
1104 2008 1185 2048 ΑΡ.
1216 2010 1312 2048 424;
1351 2023 1452 2061 reyes
1480 2010 1661 2049 (licuntur

236 2078 407 2125 torquere
435 2087 546 2116 mero,
576 2087 682 2123 qumn
719 2075 950 2123 perspemisse
979 2074 1162 2112 laborant.
1235 2074 1330 2112 Cum
1373 2088 1428 2120 eo,
1468 2075 1658 2124 quod-est

236 2151 383 2175 cornua
412 2138 550 2175 addere
574 2138 740 2187 pauperi
781 2151 912 2175 versus
955 2138 1153 2175 nonnullos
1197 2136 1311 2176 Ovidi
1350 2138 1522 2176 conferre
1556 2138 1659 2185 licet,

237 2203 378 2252 quibus
407 2203 570 2240 fortasse
600 2201 670 2240 Ov.
700 2201 905 2239 Horatium
934 2202 1107 2240 imitatus
1137 2205 1206 2249 est,
1237 2203 1285 2240 A.
1316 2202 1364 2240 A.
1398 2204 1432 2249 1,
1463 2204 1538 2241 237
1570 2216 1659 2253 sqq:

375 2373 394 2409 ¹)
418 2379 474 2405 Rh.
499 2379 539 2406 M.
564 2379 656 2406 XIII:
682 2380 773 2406 328..

377 2426 398 2464 ²)
426 2432 580 2465 „Schi'mes
617 2432 759 2466 Gedieht,
799 2433 877 2460 ohne
910 2432 1158 2467 Wiederholung,
1184 2432 1214 2459 in
1238 2432 1399 2459 schi‘mster
1422 2432 1575 2468 Rundung
1596 2431 1660 2461 und

237 2483 394 2514 Einheit“.
