1768 2856
843 163 899 203 -”
922 177 973 215 50
1004 199 1053 204 -

237 288 314 338 ipsi
351 290 474 337 poetae
512 287 668 326 difficile
695 289 855 324 narratu
883 286 1057 324 futurum
1090 287 1222 334 fuisse,
1253 288 1389 326 deinde
1418 289 1547 325 autem
1574 286 1663 337 ipse

241 353 384 403 optime
425 352 647 403 explicavit:
684 351 853 402 „aliquid
880 351 991 389 nobis
1019 365 1095 389 non
1122 352 1254 391 habile
1283 353 1436 399 dicitur,
1466 365 1552 402 quo·
1569 354 1663 402 apte

240 421 297 456 uti
325 432 400 456 non
428 418 663 468 possumus.“

880 731 1027 790 XX.

377 858 563 896 Horatius
597 858 661 897 hic
695 858 889 909 Pyrrhum
917 859 1099 897 miserum
1128 859 1295 898 ludibrio
1322 860 1473 907 habuit,
1503 861 1569 899 sed
1599 874 1665 899 ex-

248 926 426 974 perrecta
467 923 645 961 Nemesis
688 923 831 961 ultores
873 923 1015 973 Pyrrhi
1050 924 1152 962 inter
1181 927 1497 963 commentatores
1526 925 1667 965 Horati

250 988 443 1033 excitavit,
488 988 554 1037 qui
596 988 742 1038 partim
783 989 823 1025 in
865 988 964 1026 hanc
994 989 1104 1026 odam
1132 989 1248 1027 iocati
1276 993 1377 1033 sunt,
1407 990 1552 1039 partini
1580 1003 1668 1029 eam

249 1053 465 1090 irriserunt.
522 1052 564 1091 Si
598 1052 784 1090 Horatius
813 1053 1005 1091 redivivus
1035 1067 1165 1092 eorum
1193 1054 1337 1105 scripta
1365 1054 1496 1105 legere
1524 1057 1665 1105 posset,

231 1150 233 1153 .
251 1118 442 1156 incertum
472 1120 541 1163 est,
570 1120 701 1155 utrum
729 1119 854 1168 magis
883 1118 965 1156 ioca
990 1119 1134 1156 rideret
1154 1133 1203 1157 an
1223 1119 1269 1157 ob
1289 1119 1504 1157 irrisionem
1523 1120 1667 1157 irasce-

252 1186 370 1221 retur.
427 1182 579 1220 Iocatus
609 1185 738 1220 autem
768 1186 825 1221 est
853 1182 966 1229 Acro,
996 1183 1063 1232 qui
1090 1186 1203 1233 putat
1221 1183 1414 1233 Pyrrhum
1434 1197 1515 1222 esse
1535 1196 1670 1234 regem

214 1293 218 1297 ,
252 1247 363 1286 illum
392 1247 515 1297 Epiri,
546 1246 770 1285 Nearchum
789 1247 1008 1298 significare
1027 1247 1250 1291 Tarentum,
1270 1248 1433 1286 leaenam
1449 1265 1478 1279 =
1493 1247 1668 1293 Romam,

255 1312 400 1350 catulos
421 1312 661 1362 :principes
690 1311 834 1350 Romae.
889 1312 1078 1362 Cruquius
1107 1313 1229 1351 credit
1257 1313 1419 1351 leaenam
1448 1313 1668 1363 significare

255 1376 394 1422 lenam,
439 1376 583 1415 catulos
615 1394 643 1407 =
693 1390 852 1426 „pueros
881 1377 1106 1424 meritorios,
1143 1391 1236 1428 quos
1265 1377 1394 1416 alebat
1423 1376 1543 1426 (lena)
1572 1376 1672 1416 lucri

256 1442 397 1493 gratia,
427 1442 528 1480 inter
556 1456 650 1491 quos
680 1445 763 1480 erat
791 1442 1005 1488 Nearchus,
1035 1457 1149 1492 quem
1178 1457 1314 1493 rapere
1343 1443 1464 1480 invita
1488 1443 1576 1480 lena
1594 1456 1670 1480 11011

257 1509 341 1543 erat
368 1508 530 1543 tutum.“
584 1506 791 1551 Duentzer,
821 1507 974 1544 subtilis
1003 1507 1141 1544 Horati
1169 1508 1327 1544 odarum
1347 1507 1550 1556 interpres,
1570 1506 1674 1543 inter

239 1564 336 1608 'alia
365 1570 459 1609 dicit
501 1570 595 1608 duas
624 1573 837 1620 postremas
866 1571 1042 1622 strophas
1071 1572 1264 1610 continere
1292 1572 1392 1610 hanc
1421 1571 1673 1609 sententiam:

265 1649 375 1681 „man
404 1635 524 1680 weiss,
560 1635 647 1672 dass
677 1649 718 1673 er
742 1637 839 1685 jetzt
867 1636 987 1673 selbst
1015 1636 1146 1674 liebt.“
1207 1636 1261 1673 Hi
1291 1649 1419 1674 omnes
1448 1636 1530 1672 sine
1560 1635 1675 1672 dubio

258 1713 333 1737 non
376 1699 546 1736 sentiunt
588 1713 628 1737 se
670 1699 800 1738 iocari.
857 1700 960 1738 Nam
993 1701 1067 1739 viri
1104 1701 1247 1739 austeri
1275 1703 1364 1739 sunt
1393 1703 1508 1751 atque
1536 1698 1678 1738 sinceri

261 1767 300 1802 et
341 1778 472 1802 severo
515 1764 619 1802 voltu
663 1765 934 1814 explicationes
968 1779 1056 1803 suas
1089 1766 1198 1803 nobis
1226 1766 1414 1815 praebent.
1471 1764 1678 1802 Difficilius

262 1834 320 1869 est
348 1831 450 1869 idem
479 1831 635 1869 credere
665 1830 711 1868 de
740 1830 973 1876 irrisoribus,
1004 1830 1175 1880 Gruppio
1205 1833 1251 1868 et·
1272 1830 1444 1869 Lehrsio.
1493 1829 1676 1875 Quicum-

262 1910 336 1946 que
366 1910 520 1934 carmen
549 1896 666 1946 leget,
696 1896 866 1933 inveniet
894 1895 1087 1944 Pyrrhum
1117 1897 1155 1932 et
1184 1896 1397 1940 mulierem,
1427 1908 1513 1944 quae
1543 1895 1679 1944 appel-

262 1961 365 1998 latur
389 1961 523 2006 leaena,
545 1974 618 1997 uno
638 1962 810 2009 tempore
831 1959 1123 2005 adolescentem,
1146 1959 1206 1997 cui
1227 1961 1310 1997 erat
1328 1972 1467 1997 nomen
1486 1958 1680 2005 Nearcho,

264 2026 465 2070 amavisse,
494 2025 596 2062 inter
624 2024 818 2074 Pyrrhum
848 2026 885 2061 et
913 2024 1075 2061 leaenam
1103 2037 1276 2074 pugnam
1306 2024 1490 2061 orituram
1520 2037 1614 2069 esse,
1640 2024 1692 2063 inv

265 2104 341 2140 qua
369 2089 571 2128 Nearchus
602 2092 639 2127 et
669 2089 815 2127 arbiter
844 2092 882 2127 et
900 2089 1032 2139 praeda
1052 2102 1194 2139 pugnae
1214 2089 1276 2127 sit.
1324 2088 1420 2144 Haec
1439 2088 1519 2126 sola
1538 2088 1679 2138 proba-

264 2156 354 2193 bilis
384 2155 604 2204 argumenti
634 2154 815 2203 expositio
846 2153 1017 2203 Gruppio
1049 2156 1086 2190 ot
1113 2153 1274 2191 Lehrsio
1303 2166 1378 2190 non
1397 2153 1556 2202 placuit.
1608 2151 1682 2189 Ille

267 2221 446 2271 opinatur
487 2219 650 2257 leaenam
692 2233 713 2256 a
756 2218 905 2268 Pyrrho
935 2221 973 2255 et
1000 2217 1223 2256 Nearchum
1253 2232 1275 2255 a
1303 2217 1425 2255 leaena
1454 2217 1588 2262 amari,
1618 2216 1684 2254 hic

265 2286 428 2322 leaenam
456 2284 496 2320 in
525 2282 748 2320 Nearchum
776 2283 923 2319 irruere
943 2284 1089 2330 putat,“
1116 2282 1180 2330 qui
1202 2281 1277 2318 sibi
1296 2294 1459 2330 puerum
1478 2280 1684 2330 pulchrum

269 2351 307 2388 et
349 2350 520 2387 amatum
563 2347 611 2385 ab
649 2361 697 2385 ea
723 2346 943 2385 abalienare
972 2347 1164 2393 conatur‚“
1205 2349 1320 2397 atque
1348 2346 1571 2385 Nearchum
1599 2358 1686 2384 cum

211 2452 213 2454 ,
268 2415 390 2452 leaena
419 2416 681 2463 pugnaturum
725 2426 819 2450 esse.
876 2413 938 2449 Ab
974 2413 1033 2449 his
1067 2413 1175 2449 miris
1212 2412 1333 2449 initiis
1369 2410 1553 2460 profectis
1582 2408 1686 2446 haud

270 2478 425 2517 difficile
456 2478 509 2516 eis
538 2477 613 2515 fuit
641 2477 814 2515 invenire
843 2477 1050 2528 pertubata
1078 2476 1203 2515 onmia
1224 2478 1262 2514 et
1282 2475 1438 2515 confusa
1457 2475 1497 2513 in
1518 2472 1687 2513 carmine

267 2557 353 2581 esse
384 2546 422 2580 et
449 2543 625 2579 irrisione
655 2542 974 2590 cavillationeque
1002 2544 1201 2589 tamquam
1228 2540 1383 2590 flagello
1412 2540 1546 2577 fictum
1563 2537 1685 2574 Pseu-
