1768 2856
208 313 346 350 damno
375 312 630 351 afficerentur.
678 308 972 362 Excipientibus
991 311 1102 349 nobis
1123 324 1180 356 ea,
1210 323 1296 359 quae
1316 309 1476 356 Peerlc.,
1497 310 1621 348 Lehr-

208 376 302 423 sius,
344 375 496 415 Aeacus
525 377 760 422 deleverunt,
804 389 824 414 e
853 376 904 413 26
933 374 1101 424 strophis
1132 375 1180 411 13
1210 376 1371 411 servatae
1399 373 1623 423 relinquun-

208 442 285 478 tur.
340 439 386 478 In
419 441 554 491 primis
583 443 712 479 autem
740 442 922 490 quattuor
951 438 1197 483 carminibus,
1232 440 1437 489 postquam
1463 436 1623 482 Peerlc.,

210 504 347 552 Minos,
390 504 554 551 Aeacus,
597 504 794 550 Lehrsius,
836 502 1026 549 Prienius,
1071 502 1278 541 excisiones
1321 514 1409 540 suas
1438 501 1624 549 fecerunt,

211 583 232 607 e
261 570 311 607 58
341 570 508 620 strophis
535 573 615 607 tres
643 569 733 607 solae
762 570 922 613 restant,
952 580 1037 616 quae
1067 569 1156 604 sunt
1183 567 1261 604 hae:

211 684 268 712 111:
295 685 330 717 1,,
348 685 461 712 9-12.
521 684 578 711 Est
601 684 636 710 ut
658 683 730 710 viro'
748 682 795 709 vir
817 682 913 709 latius
936 682 1056 709 ordinet

521 737 657 764 Arbusta
681 736 786 768 sulcis,
809 736 858 762 hic
881 736 1059 770 generosior

522 782 696 817 Descendat
719 789 750 815 in
773 796 916 824 campum
937 789 1062 824 petitor,

523 843 664 871 Moribus
687 843 737 870 hic
759 842 929 877 meliorque
952 843 1032 870 fama

214 952 270 978 III:
298 952 325 984 1,
352 952 487 979 13—--16.
526 949 708 979 contendat.
732 949 777 976 illi
799 949 892 976 turba
914 949 1071 976 clientium

524 1004 569 1031 Sit
591 1003 704 1031 maior:
729 1011 815 1038 aeqna
836 1003 905 1038 lege
926 1003 1101 1031 Necessitas

525 1058 659 1085 Sortitur
681 1058 817 1092 insignes
841 1058 871 1084 et
894 1057 988 1091 imos;

531 1111 627 1138 Omne
650 1118 746 1145 capax
769 1111 871 1137 movet
894 1118 971 1137 urna
993 1118 1113 1137 nomen.

214 1203 272 1231 111:
297 1204 326 1236 2,
351 1204 401 1235 21,
426 1203 476 1230 22.
522 1202 639 1234 Virtus,
663 1202 828 1229 recludens
850 1202 1014 1229 immeritis
1037 1203 1115 1229 mori

528 1255 651 1288 Caelum,
674 1257 785 1289 negata
807 1257 939 1290 temptat
962 1256 1020 1282 iter
1042 1256 1100 1288 via,

216 1309 272 1337 111:
298 1310 327 1342 3,
353 1310 380 1343 5,
406 1310 434 1336 6.
531 1309 562 1336 Si
585 1309 701 1336 fractus
724 1308 870 1336 illabatur
893 1309 987 1342 orbis,

528 1363 721 1398 Impavidum
744 1363 854 1389 ferient
877 1364 971 1390 ruinae
993 1358 1024 1395 ¹).

348 1471 586 1510 Crediderim
613 1471 891 1521 hypercriticos
919 1471 983 1510 hic
1013 1472 1114 1509 omni
1141 1472 1216 1510 fide
1244 1472 1346 1522 ipsos
1375 1486 1415 1510 se
1443 1472 1628 1522 privasse.

220 1536 360 1574 Contra
403 1535 619 1586 Gruppium
660 1536 797 1573 saltem
831 1538 869 1574 et
902 1535 1099 1574 Prienium
1128 1536 1330 1574 defendere
1359 1536 1564 1574 Horatium
1592 1539 1631 1575 et

218 1614 547 1650 supervacaneum
576 1603 686 1646 esset,
724 1614 847 1650 neque
876 1600 1000 1651 magis
1028 1601 1237 1650 prodesset,
1272 1614 1386 1650 quam
1415 1601 1448 1638 si
1476 1601 1562 1650 quis
1590 1602 1632 1639 in

223 1678 325 1713 aqua
353 1664 603 1702 fundamenta
631 1677 772 1713 ponere
800 1664 928 1701 vellet.

349 1792 422 1829 Vv.
452 1791 522 1829 III:
555 1794 589 1837 1,
620 1793 777 1829 33—40
806 1794 948 1841 praeter
980 1792 1220 1838 Peerlczium,
1256 1792 1483 1842 Gruppium,
1521 1792 1631 1830 Prie-

222 1856 341 1902 nium,
385 1855 598 1894 Linkerum
631 1856 848 1894 Meinekius
877 1853 1028 1906 quoque
1056 1856 1215 1906 respuit.
1272 1856 1443 1901 Quarum
1471 1856 1634 1895 duarum

220 1920 466 1970 stropharum
508 1934 584 1957 una
627 1920 703 1968 (vv.
749 1921 924 1970 37—40)
967 1921 1049 1958 sine
1084 1921 1197 1959 dubio
1232 1923 1384 1959 servata
1413 1923 1525 1967 esset,
1559 1920 1635 1959 nisi

223 1984 455 2023 cohaerentia
484 1985 708 2024 obstitisset.
764 1985 910 2024 Peerlc.
942 1985 1136 2024 confessus
1166 1988 1223 2023 est
1250 1985 1319 2024 hos
1347 1999 1479 2024 versus
1508 1988 1547 2023 et
1574 1999 1634 2023 so-

222 2062 332 2086 noros
368 2063 449 2087 esse
485 2053 523 2087 et
559 2050 756 2100 elegantes
792 2052 830 2087 et
858 2052 1047 2088 venustos.
1103 2049 1179 2087 Sed
1208 2064 1294 2088 cum
1323 2050 1389 2096 eis,
1420 2063 1505 2099 quae
1533 2063 1635 2099 prae-

224 2113 376 2159 cedunt,
406 2113 461 2151 ita
490 2114 694 2160 cohaerent,
724 2117 767 2152 ut
794 2127 871 2151 una
900 2128 986 2152 cum
1015 2114 1068 2151 eis
1098 2114 1248 2159 cadant,
1278 2127 1432 2152 necesse
1451 2114 1513 2151 sit.
1556 2113 1635 2151 Re-

225 2179 362 2215 vocant
389 2177 431 2214 hi
460 2191 591 2215 versus
620 2191 800 2231 versuum
827 2177 877 2216 II:
911 2179 972 2224 16,
1002 2179 1049 2215 21
1081 2191 1165 2227 sqq.
1195 2178 1429 2223 memoriam,
1459 2178 1525 2215 sed
1554 2177 1635 2215 eius

224 2241 282 2278 rei
322 2241 515 2292 permulta
557 2245 645 2280 sunt
688 2242 789 2293 apud
830 2242 1035 2280 Horatium
1077 2242 1249 2292 exempla
1268 2242 1312 2291 2).
1381 2241 1637 2280 Offenduntur

227 2307 355 2342 autem
397 2305 583 2355 philologi
625 2306 703 2357 iam
735 2306 921 2343 nominati
953 2306 1093 2351 verbis,
1130 2319 1215 2354 quae
1244 2309 1332 2342 sunt
1360 2311 1551 2343 contracta
1573 2307 1636 2355 pi-

319 2453 339 2490 ¹)
373 2459 445 2485 Haec
479 2460 540 2486 (luo
574 2468 719 2487 versuum
752 2461 839 2495 paria
867 2462 897 2487 et
920 2462 1020 2488 Minos
1044 2462 1074 2488 et
1097 2461 1215 2488 Aeacus
1239 2462 1277 2489 ad
1302 2462 1462 2496 stropham
1485 2462 1635 2496 complen-

229 2508 299 2540 da‘m
322 2514 518 2547 componunt.

319 2570 341 2608 2)
364 2566 442 2604 vide
466 2567 503 2594 de
525 2568 582 2594 hac
604 2576 637 2595 re
660 2569 788 2596 Teuffeli
812 2569 950 2597 libellum
975 2570 1094 2602 „Ueber
1118 2568 1251 2597 Horaz“.
