1768 2856
830 244 1039 281 -21—

227 370 326 396 nexu
353 354 511 398 faciant,
541 352 675 401 liquet.
730 349 860 388 Ritter
888 353 927 387 et
954 349 1124 387 Dillenb.
1154 352 1291 398 putant
1314 363 1499 388 sermones
1517 353 1638 401 signi-

225 417 341 459 ficare
370 404 509 457 literas}
528 415 753 464 (literam),
783 414 884 463 quod
912 426 989 451 non
1016 413 1131 451 facile
1159 413 1244 450 fieri
1272 416 1411 463 potest,
1441 414 1532 464 quia
1557 416 1639 453 sine

226 482 396 540 exemplo
438 484 507 520 est.
563 479 691 518 Bentl.
735 478 897 517 coniecit
939 478 1043 515 Cilm·
1088 491 1156 528 pro
1186 478 1339 528 linquoe,
1382 479 1482 528 quod
1512 482 1641 517 tamen

226 561 363 599 parum
389 546 530 596 placet,
558 558 649 582 nam
679 556 805 592 neque
834 543 940 580 Cilm’
965 542 1091 585 simile
1111 545 1169 579 est
1188 542 1328 592 linquae
1347 543 1543 588 vocabulo,
1572 557 1640 580 ne-

227 625 302 663 que
340 610 434 648 Hor.
478 609 518 647 in
553 608 722 647 carmine
756 607 888 646 eodem
917 607 1077 644 eundem
1108 606 1300 644 hominem
1329 606 1490 645 diversis
1519 607 1641 645 nomi—

185 723 187 725 ·
227 676 299 714 bus
342 672 485 723 alloqui
526 673 634 710 solet.
691 671 790 709 Eam
831 671 955 721 ipsam
997 672 1045 708 ob
1078 685 1160 709 rem
1189 671 1353 708 editores
1381 671 1422 708 in
1450 670 1519 709 IV:
1550 672 1587 716 2,
1618 673 1641 708 2

225 738 389 777 Peerlc:i
431 736 688 775 coniecturam
729 735 794 773 ille
833 748 902 785 pro
943 735 1027 772 Iule
1069 738 1311 785 acceperunt.
1381 735 1477 773 Vult
1524 736 1641 773 etiam

226 805 377 841 vertere
406 805 459 849 tu,
488 801 555 851 qui
581 804 615 837 et
642 800 848 837 latinorum
877 804 910 837 et
934 812 1144 849 qroecorum
1172 799 1286 837 libros
1311 804 1485 837 accurate
1505 801 1639 850 leqisti.

229 866 282 904 Et
298 866 382 903 hae'c
403 867 441 902 et
460 877 546 914 quae
566 864 632 901 alii
651 865 930 914 proposuerunt
948 863 1107 901 molesta
1128 864 1154 901 δι
1174 864 1287 914 longe
1306 864 1429 914 petita
1448 864 1639 902 videntur.

227 930 272 969 L.
308 928 472 968 Mueller
505 929 546 966 in
581 928 747 966 editione
775 928 969 978 germanis
998 928 1304 966 annotationibus
1332 928 1520 967 instructa
1549 942 1640 979 gor-

228 995 332 1033 dium
373 993 514 1031 nodum
554 992 730 1043 apposita
764 1005 875 1031 cruce
904 993 1014 1043 quasi
1042 992 1171 1043 gladio
1199 993 1312 1031 solvit
1341 995 1379 1031 et
1407 994 1524 1031 verba
1555 1008 1638 1032 cor—

227 1061 344 1109 rupta
385 1071 466 1096 esse
509 1057 732 1095 arbitratur.
789 1057 904 1095 Codd.
948 1059 1077 1095 tamen
1118 1057 1262 1095 nullam
1298 1058 1448 1096 omnino
1485 1072 1640 1096 eausam

228 1123 415 1174 praebent,
460 1135 527 1160 cur
569 1122 624 1159 ita
657 1123 847 1171 putemus,
909 1121 1048 1160 Nescio
1077 1135 1125 1159 an
1153 1120 1375 1160 Schuetzius
1402 1125 1507 1161 recte
1537 1123 1640 1161 dicat

228 1190 381 1238 poetam
423 1187 546 1224 iocose
582 1186 816 1224 alludentem
844 1199 925 1224 rem
954 1186 1122 1236 aliquam
1150 1186 1381 1236 significare,
1426 1200 1543 1236 quam
1570 1201 1639 1224 nos

228 1252 459 1302 ignoremus.
515 1250 619 1288 Talis
648 1250 751 1288 iocus
781 1264 898 1300 quum
926 1250 1087 1288 fortasse
1114 1254 1200 1301 post
1228 1265 1368 1300 paucos
1398 1265 1516 1289 annos
1544 1252 1639 1301 ipsis

228 1316 432 1355 Maeeenati
462 1317 499 1353 et
528 1314 645 1353 Hor:o
673 1315 928 1353 subobscurus
956 1314 1085 1361 fuerit,
1115 1315 1207 1365 quid
1235 1315 1387 1361 mirum,
1418 1316 1450 1353 si
1470 1329 1538 1353 nos
1558 1319 1638 1353 tam

227 1380 341 1431 longo
369 1380 552 1430 temporis
582 1380 706 1430 spatio
734 1379 932 1418 interiecto
962 1380 1054 1429 quid
1073 1380 1147 1417 sibi
1167 1380 1259 1418 velit
1277 1394 1352 1418 non
1372 1380 1464 1417 satis
1485 1381 1638 1430 aperire

228 1445 441 1496 possimus?
468 1491 470 1493 Ι

357 1509 501 1547 Vocem
528 1509 730 1557 funeratus·
754 1508 945 1547 insolitam
965 1509 1028 1547 hic
1047 1509 1190 1547 habere
1209 1509 1542 1559 significationem,
1563 1523 1637 1548 non

228 1574 353 1625 magis
397 1576 465 1619 est,
497 1587 564 1611 cur
591 1573 774 1611 miremur
802 1573 903 1623 apud
931 1572 1092 1611 Hormm
1126 1574 1349 1620 „verborum
1377 1576 1637 1612 novatorem“.

229 1637 403 1676 Eandem
431 1640 620 1687 praeterea
648 1637 726 1674 vim
753 1637 872 1674 habet
899 1637 1000 1687 apud
1029 1637 1262 1675 Petronium.

357 1701 498 1740 Utrum
526 1701 673 1738 consule
703 1700 813 1738 Tullo
832 1701 1072 1751 significetur
1091 1701 1134 1739 L.
1161 1700 1359 1740 Volcatius
1379 1701 1525 1748 Tullus‚
1547 1716 1637 1740 con-

229 1766 287 1803 sul
317 1779 374 1803 ato
403 1767 466 1811 33,
510 1779 558 1802 an
591 1767 703 1814 pater
741 1765 833 1811 eius,
863 1765 1066 1803 diiudicari
1093 1766 1239 1815 nequit.
1296 1765 1372 1803 Res
1401 1769 1530 1804 autem
1558 1769 1638 1803 tam

230 1828 326 1867 levis
354 1829 459 1867 nullo
487 1829 595 1867 modo
625 1842 780 1866 causam
808 1829 988 1875 continet,
1018 1842 1085 1867 cur
1113 1831 1235 1867 totum
1256 1843 1410 1868 carmen
1430 1829 1636 1868 deleamus.

358 1893 447 1933 Sine
482 1894 582 1932 omni
616 1893 698 1931 iure
731 1892 878 1931 Peerlc.
907 1894 1026 1932 verba
1053 1907 1156 1931 sume
1183 1894 1333 1944 cyathos
1360 1899 1504 1932 centum
1535 1908 1638 1945 aegre

228 1959 330 1997 tulit.
393 1958 592 2005 „Sobrium
610 1958 837 2004 hominem‚“
864 1958 1049 1996 exclamat
1067 1958 1125 2005 P„
1155 1958 1263 2009 quasi
1283 1958 1355 1997 hoc
1374 1959 1471 1997 serio
1492 1959 1639 1997 dictum

229 2024 295 2064 sit!
353 2024 470 2070 Quasi
498 2023 591 2063 Hor.
620 2024 739 2063 iocari
765 2037 840 2062 non
868 2024 1052 2074 potuerit!
1083 2023 1220 2063 Horati
1248 2024 1452 2063 iocationes
1481 2025 1639 2063 cavilla-

228 2089 427 2138 tionesque
454 2102 607 2138 prorsus
627 2089 791 2138 ignoret,
819 2102 974 2126 necesse
995 2091 1064 2133 est,
1093 2089 1323 2138 quicumque
1343 2089 1640 2138 superlationem

230 2142 359 2191 dedita
388 2166 504 2203 opera
531 2152 674 2191 factam
702 2152 742 2190 in
770 2152 830 2190 his
859 2152 986 2194 verbis
1015 2152 1137 2191 inesse
1165 2166 1240 2190 non
1269 2152 1474 2203 intellegit.
1531 2152 1639 2198 Quod

229 2217 262 2254 si
303 2218 388 2267 quis
430 2217 548 2254 nihilo
577 2217 702 2254 minus
730 2219 879 2254 mutare
907 2217 990 2254 vult
1017 2216 1135 2266 (quod
1161 2217 1418 2255 necessarium
1446 2230 1518 2254 non
1550 2218 1637 2265 est),

228 2279 288 2319 P:i
317 2281 412 2320 coni.
442 2286 577 2332 septem
604 2280 707 2319 haud
735 2280 837 2319 mala
867 2283 936 2319 est.
992 2280 1147 2332 Septem
1176 2281 1278 2319 enim
1306 2283 1394 2319 sunt
1421 2280 1545 2320 literae
1569 2295 1638 2319 no-

228 2346 354 2392 minis,
398 2347 497 2396 quod
540 2349 597 2384 est
626 2346 799 2394 Flaccus7
843 2348 958 2396 atque
990 2346 1031 2383 in
1065 2346 1406 2395 compotationibus
1433 2360 1514 2383 mos
1544 2349 1639 2392 erat,

229 2412 272 2447 ut
299 2413 356 2448 tot
385 2410 542 2461 cyathos
571 2410 782 2458 haurirent,
813 2412 905 2461 quot
932 2409 1053 2448 literae
1082 2410 1122 2447 in
1149 2410 1300 2448 nomine
1321 2410 1547 2460 compotoris
1568 2410 1640 2449 ali-

230 2474 337 2512 cuius
366 2475 529 2514 inerant.

359 2539 406 2577 V.
440 2541 500 2577 15.
558 2540 694 2588 Perfer
735 2540 836 2577 idem
879 2543 937 2578 est
978 2539 1077 2589 quod
1119 2540 1276 2586 sustine,
1320 2540 1421 2589 quod
1455 2540 1642 2577 siminus
