1768 2856
790 165 973 201 -4—

168 268 264 306 ratis
286 270 325 307 et
345 282 365 307 e
385 269 607 321 Bergkiano
634 270 699 309 illo
719 270 937 322 fragmento
959 273 1121 321 apparet
1142 270 1186 320 ¹).
1230 270 1307 310 Cur
1324 271 1444 311 nihilo
1463 272 1591 310 minus

169 333 362 383 cupiditas
397 334 465 372 illa
493 335 809 385 interpolationes
838 335 981 385 ubique
1011 335 1179 374 occultas
1207 338 1406 386 tamquam
1433 340 1588 375 noctur-

168 411 236 435 nos
280 398 447 437 lemures
491 402 528 437 et
571 399 697 438 larvas
739 399 895 438 videndi
936 402 1017 438 tam
1057 399 1137 438 late
1165 401 1308 451 vagata
1336 400 1399 448 sit,
1429 401 1590 440 diversae

168 465 259 501 sunt
288 477 425 502 causae.

258 549 260 552 ·
300 524 471 566 Primam
506 530 549 566 et
577 528 834 579 principalem
862 543 1018 567 causam
1045 528 1085 566 in
1114 542 1157 567 eo
1185 528 1311 567 inesse
1338 531 1444 579 puto,
1489 530 1590 580 quod

173 592 286 629 multi
327 592 500 630 nativam
547 592 716 630 indolem
763 593 1070 642 inventionisque
1118 592 1346 631 felicitatem
1388 594 1588 632 ostendere

169 655 381 705 gestientes
410 669 508 693 nova
537 658 576 693 et
603 669 674 705 per
702 669 743 693 se
771 656 929 694 inventa
956 669 1130 706 promere
1156 656 1301 694 volunt.
1348 655 1409 694 De
1429 656 1589 695 Horatio

171 721 253 756 tam
280 719 403 757 multa
432 720 578 769 scripta
613 723 713 766 sunt,
748 722 792 758 ut
819 720 898 758 iam
927 723 1016 775 ante
1044 720 1264 758 Bentleium
1291 720 1471 770 plurima,
1502 734 1588 771 quae

168 783 217 819 ad
259 783 473 828 historiam,
516 783 808 833 mythologiam,
851 797 975 821 mores
1010 784 1200 833 antiquos,
1243 786 1315 822 cet.
1346 785 1586 833 spectabant,

167 849 336 885 tractata
372 849 512 893 essent,
557 836 649 885 adeo
679 849 722 885 ut
749 861 945 897 perpauca
973 850 1164 886 restarent
1193 848 1323 898 digna,
1354 861 1439 897 quae
1470 848 1588 886 adde—

168 914 313 949 rentur.
371 910 508 961 Itaque
537 911 665 949 Bentl.
696 925 741 949 ea
769 911 849 949 sola
878 912 1024 962 attigit,
1054 926 1140 962 quae
1170 912 1218 949 ad
1237 911 1442 950 sanitatem
1462 912 1586 951 since-

169 976 404 1026 ritatemque
432 975 608 1015 lectionis
636 976 895 1027 pertinebant.
951 975 1098 1016 Peerlc.
1130 977 1291 1015 eandem
1316 976 1418 1016 viam
1437 976 1589 1028 ingres-

169 1054 233 1078 sus
277 1041 506 1079 coniecturis
549 1041 752 1079 verborum
794 1043 1010 1079 contextum
1053 1042 1256 1079 emendare
1297 1041 1479 1087 decrevit,
1523 1042 1590 1080 sed

170 1119 258 1144 cum
300 1119 365 1144 suo
409 1105 536 1144 dolore
579 1105 677 1144 vidit
714 1105 933 1144 Bentleium
966 1105 1067 1144 hanc
1100 1106 1304 1144 materiam
1338 1119 1586 1156 praeoccupa-

168 1170 269 1208 visse
289 1170 334 1218 2).
391 1169 490 1207 Tum
532 1183 621 1207 vero
662 1170 977 1219 interpolationes
1012 1170 1204 1219 speculari
1232 1170 1413 1216 instituit,
1444 1184 1520 1220 qua
1549 1171 1589 1208 in

169 1247 211 1271 re
252 1233 393 1271 multos
435 1235 571 1271 nactus
607 1236 665 1271 est
687 1233 919 1279 imitatores,
949 1246 1112 1283 quorum
1139 1236 1270 1272 tamen
1298 1234 1467 1284 ingenio,
1498 1248 1588 1272 acu-

168 1297 272 1335 mine
301 1297 441 1335 mentis
471 1298 722 1347 doctrinaque
742 1311 853 1335 nemo
874 1311 962 1335 eum
982 1298 1162 1347 aequavit.
1192 1297 1254 1335 Ita
1273 1298 1410 1348 ingens
1431 1312 1589 1348 campus

169 1363 411 1399 strenuorum
452 1361 651 1399 hominum
692 1361 892 1400 industriae
936 1364 1092 1412 apertus
1122 1364 1216 1408 erat,
1251 1375 1341 1399 nam
1370 1375 1487 1418 quum
1515 1362 1588 1412 hy-

170 1426 369 1476 per-critici
397 1426 473 1464 fide
501 1426 686 1465 historica
715 1428 754 1464 et
781 1426 1056 1476 probabilitate
1081 1429 1212 1476 spreta
1237 1426 1451 1473 „intestinis
1471 1440 1589 1477 argu-

169 1490 333 1539 mentis“
367 1492 538 1536 utantur,
568 1491 606 1528 h.
638 1504 670 1528 e.
700 1490 856 1537 talibus,
886 1504 972 1540 quae
992 1491 1033 1528 in
1052 1491 1211 1528 arbitrio
1232 1493 1270 1529 et
1289 1504 1402 1529 sensu
1421 1491 1591 1541 ipsorum

169 1555 296 1605 posita
324 1557 426 1601 sunt,
457 1555 643 1605 sequitur,
673 1557 716 1592 ut
745 1557 837 1605 quot
866 1557 955 1592 sunt
983 1555 1108 1593 critici
1136 1555 1329 1605 variaeque
1356 1569 1486 1593 eorum
1507 1556 1588 1606 opi-

169 1619 313 1664 niones,
343 1621 400 1657 tot
430 1620 548 1657 etiam
575 1620 750 1657 mutandi
778 1619 945 1657 rationes
973 1620 1135 1669 proponi
1163 1619 1322 1669 possint.
1370 1619 1450 1657 Ista
1469 1620 1590 1670 igitur

171 1683 323 1721 critices
352 1683 517 1721 materia
545 1683 773 1721 inexhausta
802 1686 860 1721 est
890 1685 928 1721 et
956 1683 1119 1721 infinita.

299 1747 390 1785 Alia
433 1761 521 1785 vero
566 1750 623 1785 est
666 1761 793 1794 causa,
838 1748 938 1797 quod
973 1747 1180 1786 Horatium
1209 1748 1257 1785 ad
1286 1761 1474 1786 summam
1501 1748 1589 1798 pul—

171 1811 400 1849 chritudinis
435 1811 603 1861 speciem
638 1812 859 1861 pervenisse
895 1814 1046 1861 putant.
1104 1811 1230 1857 Quum
1259 1814 1389 1850 autem
1416 1812 1589 1863 singula—

170 1889 253 1913 rem
295 1875 402 1913 illam
444 1889 602 1914 summae
638 1876 885 1926 perfectionis
920 1876 1130 1927 imaginem
1159 1876 1226 1914 alii
1256 1876 1368 1914 aliter
1397 1877 1521 1915 animo
1552 1879 1590 1915 et

172 1940 405 1989 cogitatione
435 1940 664 1989 concipiant,
696 1940 857 1978 diversis
885 1940 1006 1978 modis
1034 1941 1205 1983 maculas
1235 1941 1363 1979 eluere
1393 1944 1589 1987 conantur,

172 2004 312 2053 quibus
341 2003 609 2053 imperitorum
636 2017 771 2042 manus
802 2018 887 2042 eam
914 2005 1135 2055 inquinasse
1165 2005 1220 2043 eis
1239 2005 1430 2043 videntur.
1487 2005 1589 2044 Hinc

171 2068 290 2105 etiam
318 2067 574 2117 Peerlcampi,
610 2068 760 2113 Lehrsi,
797 2068 947 2118 Gruppi
965 2069 997 2117 ³)
1028 2069 1190 2106 aliorum
1219 2069 1407 2106 discordia
1436 2069 1589 2107 intelle—

171 2132 290 2183 gitur.

263 2259 284 2296 ¹)
312 2266 377 2298 „On
412 2273 450 2292 ne
483 2266 560 2300 peut
595 2264 670 2291 dont
704 2272 761 2300 pas
797 2264 939 2297 s'etoner5
964 2266 1076 2300 qu’une
1099 2266 1247 2293 tentative
1271 2266 1523 2302 d'interpolation
1547 2267 1589 2295 du

170 2319 273 2352 temps
307 2319 344 2345 de
373 2318 506 2345 Suetone
532 2319 575 2345 ait
604 2327 642 2345 eu
666 2319 692 2345 si
715 2326 776 2354 peu
801 2319 838 2345 de
862 2317 978 2350 succes,
1003 2320 1174 2352 qu’aucune
1196 2321 1279 2347 trace
1302 2321 1371 2346 n'en
1395 2322 1442 2347 est
1466 2321 1584 2348 arrivee

169 2369 295 2405 jusqu’a
318 2368 415 2398 n0us“
443 2370 548 2404 (Walz.
574 2380 604 2407 p.
632 2369 694 2403 55).

264 2418 285 2456 2)
311 2425 425 2452 Peerlc.
449 2426 535 2460 praef.
560 2434 611 2460 pg.
637 2426 694 2453 ΙΙΙ.

262 2472 284 2510 ³)
310 2479 479 2513 Gruppius,
504 2479 556 2513 qui
580 2487 636 2506 sua
659 2481 724 2506 arte
747 2480 794 2506 tot
819 2479 953 2506 earmina
976 2479 1015 2506 ad
1037 2479 1207 2514 fragmenta
1231 2488 1247 2507 e
1271 2479 1392 2507 duabus
1417 2481 1591 2516 saepissime

171 2532 311 2567 strophis
345 2532 517 2558 constantia
539 2532 668 2567 redegit,
701 2533 811 2560 Horati
834 2533 982 2560 virtutem
1005 2534 1096 2568 putat
1119 2534 1250 2561 maxime
1274 2535 1357 2561 cerni
1380 2534 1413 2561 in
1429 2542 1471 2567 re,
1495 2542 1588 2569 quam
1644 2539 1655 2543 ‘
