1768 2856
750 189 959 226 -15—

133 282 199 339 ‚ab
228 299 377 348 aliquo,-
403 298 470 347 qui
497 297 664 335 nesciret
691 296 867 334 vertendi
893 295 1055 333 verbum
1084 295 1281 332 evertendi
1309 295 1562 345 significatio-

105 369 109 373 '
150 376 240 403 nem
279 362 436 401 habere.
472 360 568 400 ,Sed
608 360 737 399 nimiae
780 359 977 407 audaciae-s
991 358 1089 397 mihi
1124 372 1206 397 esse
1234 358 1387 397 videtur
1414 361 1565 397 tantum

107 445 114 451 ·
151 427 314 467 inscitiae
342 426 502 463 infuisse
531 425 687 463 credere
707 424 747 461 in
765 424 933 469 homine,
964 423 1030 473 qui
1050 423 1248 472 stropham
1266 422 1567 472 haudquaquam

150 490 371 529 mendosam
412 489 538 539 potuit
579 488 761 534 scribere,
805 501 891 537 quae
934 487 1101 537 antiquis
1135 487 1230 537 ipsis
1266 501 1288 525 a
1317 486 1564 525 celeberrimo

151 556 266 605 poeta
293 549 447 592 romano
476 553 621 602 scripta
650 565 732 590 esse
760 552 976 598 videbatur,
1006 554 1050 589 ut
1078 552 1275 602 cognitum
1302 564 1377 588 non
1406 551 1568 589 haberet

131 609 474 669 'significationem
514 616 690 654 vertendi
731 616 852 661 verbi,
896 629 981 665 quae
1015 629 1189 665 persaepe
1224 615 1326 665 apud
1361 616 1568 664 scriptores

154 681 329 726 occurrit,
373 693 535 729 quorum
568 679 762 717 volumina
789 679 1002 730 legentium
1035 692 1108 716 usu
1135 679 1298 717 maxime
1326 679 1564 723 terebantur,

152 746 196 782 ut
238 744 340 794 apud
372 743 507 794 Verg.,
551 742 677 790 Ovid.,
719 743 822 790 Tac„
853 743 944 787 Cic.,
981 746 1053 782 cet.
1116 742 1161 781 In
1189 743 1387 794 pulverem
1415 745 1567 781 vertere

93 852 98 855 ,
155 810 283 846 autem
312 821 355 846 ex
383 808 575 846 homerico
603 809 720 846 verbo
750 805 952 857 ἀμαθὺνειν
981 821 1204 846 conversum
1234 810 1291 845 est
1313 808 1354 856 ¹).

283 871 414 911 Aliam
456 885 524 911 cur
566 872 708 911 eiceret
749 885 903 911 causam
944 872 1108 911 Mueller
1150 872 1280 910 attulit
1312 871 1469 917 nullam,
1500 872 1567 910 sed

154 937 342 988 suspicari
383 937 474 976 licet
516 937 641 975 animo
685 937 766 976 eius
801 938 1001 976 obversata
1030 951 1111 976 esse
1140 952 1196 984 ea,
1227 951 1312 988 quae
1341 937 1487 975 Peerlc.
1519 937 1567 975 ad

154 1002 192 1039 h.
235 1001 261 1039 l.
305 1002 514 1048 annotavit,
558 1015 720 1052 quaeque
762 1002 884 1052 primo
928 1005 1084 1052 aspectu
1119 1002 1220 1040 iusta
1256 1015 1337 1040 esse
1372 1002 1564 1040 videntur.

162 1065 261 1113 „Cur
287 1065 421 1112 Iuno“,
464 1066 602 1116 inquit,
638 1066 900 1117 „potissimum
928 1068 967 1105 et
994 1066 1168 1105 Minerva
1196 1066 1371 1104 fraudem
1400 1066 1564 1104 Laome-

157 1131 280 1169 dontis
310 1131 574 1169 detestantur?
616 1130 762 1168 Iniuria
790 1131 1011 1181 pertinebat
1040 1132 1087 1168 ad
1115 1131 1334 1181 Apollinem
1354 1134 1392 1168 et
1411 1131 1565 1180 Neptu-

155 1196 286 1232 num“.
342 1194 515 1232 Primum
558 1195 726 1232 omnium
768 1195 945 1245 equidem
987 1209 1072 1234 eum
1113 1195 1375 1245 Porphyrione
1404 1195 1568 1245 aliisque

164 1258 357 1297 nonnullis
405 1259 515 1298 credo
564 1260 659 1297 mihi
703 1260 925 1298 damnatum
972 1260 1018 1308 (s.
1066 1261 1295 1309 damnatam,
1342 1263 1385 1297 ut
1426 1260 1569 1305 Bentl.,

157 1322 329 1368 Lachm.,
359 1323 588 1369 Meinekius,
617 1324 824 1374 Hauptius,
854 1324 920 1361 alii
947 1324 1097 1375 legunt)
1126 1324 1228 1361 idem
1255 1323 1384 1362 valere
1413 1323 1513 1374 quod
1541 1336 1566 1361 a

157 1401 213 1426 me
255 1388 476 1426 damnatum
495 1388 540 1438 2).
597 1389 746 1427 Deinde
788 1389 896 1427 nobis
938 1389 1029 1428 licet
1064 1403 1149 1427 cum
1177 1389 1326 1427 Rittero
1355 1389 1565 1438 explicare:

159 1452 249 1489 deas
290 1466 365 1489 non
406 1455 486 1490 tam
528 1467 637 1490 suam
677 1454 858 1491 iniuriam
898 1453 1032 1491 ulcisci
1066 1467 1180 1503 quam
1209 1453 1408 1491 iniustitiae
1438 1453 1567 1490 sedem

159 1516 241 1554 odio
269 1517 461 1567 persequi.
516 1517 620 1555 Nam
647 1517 724 1556 illae
753 1518 834 1556 deae
862 1518 1009 1568 pariter
1037 1521 1151 1567 atque
1180 1518 1298 1556 ceteri
1327 1518 1389 1556 dei
1409 1518 1567 1567 deaeque

159 1581 206 1618 ob
248 1580 431 1619 violatam
472 1581 661 1619 iustitiam
703 1582 749 1620 de
778 1582 940 1633 perfidia
968 1582 1203 1620 troianorum
1232 1585 1270 1620 et
1298 1582 1568 1620 Laomedontis

159 1644 268 1683 iratae
302 1648 402 1684 sunt.
458 1645 608 1693 Postea,
656 1660 775 1697 quum
801 1646 911 1685 Paris
939 1661 1036 1685 nova
1065 1647 1294 1685 contumelia
1323 1660 1387 1685 eas
1417 1647 1568 1685 affecis-

159 1712 229 1756 set,
259 1711 516 1749 inveteratum
545 1711 672 1749 odium
699 1712 1007 1762 redintegratum
1037 1715 1106 1750 est.
1163 1711 1238 1749 Sed
1267 1712 1370 1749 enim
1390 1712 1466 1749 alia
1485 1725 1568 1748 ma—

161 1774 222 1824 gis
250 1775 405 1824 propria
435 1777 472 1812 et
501 1775 611 1824 quasi
640 1775 847 1813 domestica
876 1789 990 1814 causa
1019 1778 1113 1821 erat,
1144 1789 1211 1813 cur
1238 1775 1299 1813 his
1327 1775 1570 1825 potissimum

161 1838 305 1877 deabus
342 1839 498 1877 deorum
527 1839 791 1878 fraudatorum
818 1854 879 1879 res
909 1840 1013 1879 cordi
1043 1843 1179 1879 essent.
1236 1840 1308 1878 Est
1336 1840 1438 1879 enim
1468 1840 1568 1878 anti-

161 1916 237 1953 qua
278 1904 410 1942 fabula
452 1904 533 1942 sine
568 1905 682 1943 dubio
717 1904 877 1943 Horatio
904 1905 1103 1943 notissima
1130 1904 1325 1951 Iunonem,
1355 1904 1570 1943 Minervam

160 1967 462 2019 Neptunumque
505 1969 594 2008 olim
637 1969 873 2020 conspirasse
917 1971 965 2008 ad
1006 1969 1136 2009 Iovem
1178 1984 1198 2009 e
1241 1970 1332 2009 eaelo
1375 1983 1571 2021 regnoque

160 2034 394 2072 turbandum
412 2034 457 2084 ³).
520 2035 691 2080 Quarum
718 2035 946 2073 insidiarum
973 2038 1016 2073 ut
1043 2049 1185 2085 poenas
1215 2036 1336 2081 daret,
1365 2035 1570 2085 Neptunus

162 2111 184 2135 a
220 2096 308 2136 Iove
344 2098 435 2137 eaelo
465 2099 642 2148 expulsus
671 2102 741 2137 est.
796 2098 867 2138 Illo
895 2099 1070 2138 laborum
1098 2102 1270 2150 tempore
1298 2099 1504 2149 Neptunus
1533 2102 1572 2136 et

160 2161 299 2211 Apollo
329 2161 384 2210 (et
412 2163 445 2199 is
474 2163 595 2211 exsul)
614 2163 764 2201 moenia
782 2162 906 2201 Troiae
927 2164 1224 2210 aedificaverunt,
1254 2177 1327 2213 quo
1347 2164 1447 2201 facto
1468 2176 1570 2201 mer-

162 2226 254 2264 cede
297 2227 449 2276 deeepti
491 2229 591 2264 sunt.
654 2227 747 2272 Quae
776 2241 895 2276 quum
922 2228 978 2265 ita
1007 2230 1145 2274 essent,
1174 2228 1258 2265 fieri
1286 2228 1468 2265 nimirum
1496 2241 1570 2264 non

253 2341 273 2380 ¹)
298 2348 333 2375 Il.
358 2348 409 2376 IX:
436 2349 494 2376 593
519 2342 608 2374 πόλιν
632 2342 665 2374 δέ
688 2354 720 2374 τε
744 2347 802 2386 πῦρ
827 2343 1000 2386 ἀμαθύνεις
1025 2343 1157 2386 ἄμαθος
1182 2358 1219 2370 =
1242 2338 1356 2385 pulvis,
1380 2358 1481 2377 arena.

254 2395 276 2433 ²)
299 2402 414 2429 Domdt
437 2402 471 2429 af
490 2402 562 2436 mig,
586 2410 661 2429 non:
686 2402 843 2429 tilldomdt
866 2403 937 2437 mig.
984 2403 1066 2430 Scire
1088 2403 1189 2436 velim,
1213 2404 1267 2430 ubi
1293 2403 1456 2436 „damnare
1479 2404 1570 2431 alicui

164 2452 298 2489 aliquid“
325 2455 477 2490 significet
499 2455 641 2482 tilldoma
663 2464 725 2490 ngn
747 2457 811 2491 ngt.

253 2502 275 2540 ⁵)
299 2509 387 2536 Hom.
412 2509 448 2536 ΙΙ.
473 2510 496 2537 Ι;
522 2510 582 2536 399
607 2517 667 2544 sq.:
692 2503 805 2535 ὁππότε
830 2516 881 2546 μιν
906 2503 1059 2547 ξυνδῆσαι
1081 2504 1249 2547 Ὀλύμπιοι
1271 2504 1397 2548 ἤθελον
1422 2505 1527 2548 ἄλλος,

162 2553 251 2598 ‘'Hp-q
274 2555 301 2587 ‘t’
324 2556 384 2599 ἡδὲ
408 2556 593 2588 Ποσειδάων
616 2557 670 2588 καὶ
693 2556 829 2593 Παλλὰς
851 2557 1002 2601 Ἀθήνη.
