1768 2856
811 234 1023 271 -68-

204 340 244 378 111
273 340 381 379 codd.
410 340 518 379 nobis
547 340 743 387 traditam,
775 341 926 391 puellis,
956 354 1109 379 servare
1138 340 1323 388 volumus,
1359 342 1477 381 verba
1484 341 1627 392 puellis

204 406 363 444 idoneus
391 420 466 444 non
494 406 620 456 magis
649 406 748 443 mira
776 408 876 451 sunt,
907 419 1023 455 quam
1052 419 1137 455 quae
1166 406 1298 443 insunt
1325 407 1366 444 in
1393 406 1462 445 IV:
1496 408 1530 453 1,
1564 407 1623 445 12:

204 471 239 507 .ςὶ
269 474 412 507 torrere
442 471 543 507 iecur
571 471 712 520 quoeris
740 470 926 508 idoneum.

336 533 484 580 Restat,
528 536 571 571 ut
614 534 785 572 dicamus
829 534 979 584 Gruppi
1022 533 1194 572 Aeacum
1227 534 1351 583 primo
1380 537 1501 572 totam
1530 535 1627 573 oden

207 611 452 636 conservasse
475 598 518 647 ¹),
549 598 687 635 deinde
716 611 805 636 vero
833 598 1048 636 mobilitate
1077 598 1313 647 levitateque
1343 598 1461 643 animi
1479 599 1625 637 infero-

206 676 292 699 rum
320 662 447 700 iudice
476 663 638 712 indigna
666 665 790 700 totum
806 676 960 701 carmen
976 664 1115 713 capitis
1136 662 1389 700 damnavisse.
1438 663 1623 701 Lehrsius

207 729 340 763 contra
382 729 505 764 totum
549 727 720 764 codicum
764 740 918 765 carmen
946 727 1063 764 nullis
1093 727 1320 765 coniecturis
1350 729 1388 764 et
1423 728 1626 774 „emenda-

206 790 396 829 tionibus“
438 792 683 830 obscuratum
711 791 865 838 retinet,
904 805 1023 841 quare
1053 793 1101 830 ab
1129 791 1286 842 Ungero
1315 791 1628 841 reprehenditur,

207 855 316 893 nobis
347 858 475 893 autem
504 856 630 906 magis
660 869 741 893 esse
770 856 935 902 videtur,
966 870 1033 895 cur
1063 857 1098 895 ei
1126 856 1273 907 gratias
1304 869 1476 907 agamus.

779 1234 1050 1292 XXVII.

251 1450 255 1453 .
340 1404 525 1447 Quaenam
567 1403 684 1439 fuerit
727 1402 901 1448 Galatea,
946 1402 1084 1451 quidve
1120 1416 1205 1440 cum
1238 1402 1399 1440 Horatio
1430 1416 1627 1441 commune

209 1467 401 1512 habuerit,
445 1467 648 1512 nesciinus,
692 1479 927 1516 quamquam
968 1466 1108 1504 multas
1151 1466 1197 1504 de
1240 1479 1284 1504 ea
1319 1480 1360 1504 re
1390 1467 1627 1505 coniecturas
1665 1474 1666 1477 ’

211 1531 312 1568 docti
354 1531 428 1568 viri
471 1531 726 1580 protulerunt.
785 1531 916 1568 Etiam
959 1544 1032 1580 quo
1066 1533 1213 1580 spectet
1248 1544 1414 1577 carmen,
1444 1532 1561 1569 variis
1591 1534 1629 1569 et

209 1595 312 1633 inter
354 1608 437 1633 sese
473 1595 673 1634 contrariis
702 1595 916 1633 rationibus
947 1595 1177 1645 explicatum
1206 1597 1275 1633 est.
1332 1594 1431 1634 Sunt
1459 1596 1526 1646 qui
1554 1610 1627 1647 pu-

211 1663 306 1705 tent,
337 1660 542 1697 Horatium
571 1675 655 1697 eam
685 1661 733 1697 ab
762 1661 902 1697 itinere
932 1660 1137 1705 dehortari,
1168 1660 1234 1697 alii
1254 1661 1286 1708 2)
1317 1663 1460 1705 contra,
1476 1663 1630 1709 poetam

211 1724 247 1761 ei
275 1724 508 1773 persuadere
538 1724 713 1769 voluisse,
742 1726 785 1761 ut
801 1724 1119 1774 proficisceretur.
1176 1724 1420 1762 Hardovinus
1452 1724 1628 1774 opinatus

211 1791 269 1827 est
297 1792 450 1838 poetam
479 1789 672 1827 nobilitati
700 1789 987 1839 francogallicae
1017 1789 1251 1835 dissuasisse,
1280 1803 1329 1827 ne
1362 1788 1515 1827 Ioannis
1540 1789 1629 1827 Bri-

212 1842 300 1891 enni
345 1854 576 1903 expeditioni
609 1854 649 1890 in
678 1853 926 1891 Palaestinam
956 1856 1141 1903 susceptae
1171 1853 1285 1902 (anno
1318 1854 1437 1903 1234)
1466 1854 1630 1891 interes-

211 1921 281 1956 set.
339 1918 422 1957 Hoc
467 1919 568 1956 enim
603 1932 757 1957 carmen
786 1917 846 1967 (ut
874 1917 1024 1967 reliqua
1052 1918 1205 1967 Horati)
1236 1933 1258 1956 a
1286 1918 1482 1956 monachis
1510 1918 1629 1957 medii

212 1984 284 2021 aevi
315 1984 518 2021 confictum
548 1984 584 2020 ei
612 1984 776 2021 videtur.
1161 1989 1163 1992 ’

342 2047 394 2093 Si,
439 2048 531 2097 quid
560 2048 750 2085 senserint
779 2047 904 2085 critici
934 2047 979 2084 de
1009 2047 1188 2085 carminis
1216 2047 1456 2098 integritate,
1487 2047 1629 2084 exami-

210 2126 305 2149 nare
347 2112 532 2158 volumus,
576 2112 638 2149 via
680 2113 848 2150 ineunda
891 2114 949 2149 est
991 2112 1184 2150 difficilior
1218 2126 1334 2161 quam
1362 2112 1437 2149 iter
1465 2112 1631 2161 Europae

211 2179 319 2214 trans
362 2190 468 2214 mare
510 2177 668 2214 factum.
726 2176 822 2215 Haec
866 2176 967 2214 enim
1015 2179 1145 2223 „nocte
1188 2176 1373 2214 sublustri
1401 2176 1500 2213 nihil
1529 2178 1632 2214 astra

212 2243 356 2290 praeter
384 2241 480 2279 vidit
510 2244 548 2279 et
576 2242 732 2287 undas‚“
766 2254 834 2279 nos
864 2243 991 2278 autem
1021 2243 1105 2279 atra
1133 2243 1243 2279 nocte
1271 2240 1370 2278 nihil
1398 2240 1473 2278 nisi
1494 2254 1631 2290 scopu-

212 2306 268 2343 los
312 2308 350 2344 et
392 2308 515 2356 syrtes
558 2306 746 2356 dispicere
786 2319 999 2356 possumus.
1055 2306 1240 2344 Lehrsius
1283 2319 1369 2344 cum
1411 2305 1633 2344 Hardovino

213 2373 334 2409 totam
364 2372 460 2409 oden
489 2372 643 2418 abiecit,
672 2371 819 2409 Peerlc.
850 2373 917 2409 str.
949 2372 985 2417 2,
1015 2372 1051 2417 3,
1083 2373 1119 2417 (5,
1151 2372 1280 2409 9—19
1312 2370 1466 2417 delevit,
1483 2370 1633 2421 Gruppi

212 2436 378 2483 Aeacus,
407 2437 519 2474 iudex
561 2450 748 2483 serverus,
784 2436 945 2474 Horatio
979 2436 1104 2474 omnia
1133 2436 1301 2486 exceptis
1330 2435 1497 2485 strophis
1527 2436 1564 2482 4,
1595 2436 1632 2483 5,

349 2554 369 2590 ¹)
394 2559 467 2592 Pag.
496 2560 554 2585 111
584 2558 656 2591 „Ich
679 2558 759 2585 kann
782 2559 848 2585 hier
872 2558 928 2585 das
952 2559 1161 2586 conservative
1184 2559 1353 2586 Verfahren
1375 2566 1433 2585 nur
1455 2555 1578 2586 loben“.

348 2606 369 2644 2)
393 2614 428 2640 ut
451 2613 639 2645 NitzsehiuS,
664 2613 844 2641 Galianius..
937 2607 943 2612 “
