<?xml version="1.0" encoding="UTF-8"?>
<!DOCTYPE html PUBLIC "-//W3C//DTD XHTML 1.0 Transitional//EN"
    "http://www.w3.org/TR/xhtml1/DTD/xhtml1-transitional.dtd">
<html xmlns="http://www.w3.org/1999/xhtml" xml:lang="en" lang="en">
 <head>
  <title>
</title>
<meta http-equiv="Content-Type" content="text/html;charset=utf-8" />
  <meta name='ocr-system' content='tesseract 3.04.00' />
  <meta name='ocr-capabilities' content='ocr_page ocr_carea ocr_par ocr_line ocrx_word'/>
</head>
<body>
  <div class='ocr_page' id='page_1' title='image "4737356_0027.png"; bbox 0 0 1768 2856; ppageno 0'>
   <div class='ocr_carea' id='block_1_1' title="bbox 0 0 243 57">
    <p class='ocr_par' dir='ltr' id='par_1_1' title="bbox 0 0 243 57">
     <span class='ocr_line' id='line_1_1' title="bbox 0 0 243 57; baseline 0 2799"><span class='ocrx_word' id='word_1_1' title='bbox 0 0 243 57; x_wconf 95' lang='lat' dir='ltr'> </span> 
     </span>
    </p>
   </div>
   <div class='ocr_carea' id='block_1_2' title="bbox 735 173 945 210">
    <p class='ocr_par' dir='ltr' id='par_1_2' title="bbox 735 173 945 210">
     <span class='ocr_line' id='line_1_2' title="bbox 735 173 945 210; baseline -0.005 -11"><span class='ocrx_word' id='word_1_2' title='bbox 735 173 945 210; x_wconf 69' lang='lat'>-19—</span> 
     </span>
    </p>
   </div>
   <div class='ocr_carea' id='block_1_3' title="bbox 749 307 922 383">
    <p class='ocr_par' dir='ltr' id='par_1_3' title="bbox 749 307 922 383">
     <span class='ocr_line' id='line_1_3' title="bbox 749 307 922 383; baseline -0.012 0"><span class='ocrx_word' id='word_1_3' title='bbox 749 307 922 383; x_wconf 83' lang='lat' dir='ltr'>VIII.</span> 
     </span>
    </p>
   </div>
   <div class='ocr_carea' id='block_1_4' title="bbox 129 457 1548 1205">
    <p class='ocr_par' dir='ltr' id='par_1_4' title="bbox 129 457 1548 1205">
     <span class='ocr_line' id='line_1_4' title="bbox 257 457 1548 513; baseline -0.005 -11"><span class='ocrx_word' id='word_1_4' title='bbox 257 464 342 502; x_wconf 93' lang='lat' dir='ltr'>Hoc</span> <span class='ocrx_word' id='word_1_5' title='bbox 376 474 531 501; x_wconf 89' lang='lat' dir='ltr'>carmen</span> <span class='ocrx_word' id='word_1_6' title='bbox 564 460 677 513; x_wconf 84' lang='lat' dir='ltr'>valde</span> <span class='ocrx_word' id='word_1_7' title='bbox 712 461 771 497; x_wconf 88' lang='lat' dir='ltr'>est</span> <span class='ocrx_word' id='word_1_8' title='bbox 804 461 983 497; x_wconf 86' lang='lat' dir='ltr'>vexatum</span> <span class='ocrx_word' id='word_1_9' title='bbox 1012 472 1034 496; x_wconf 89' lang='lat' dir='ltr'>a</span> <span class='ocrx_word' id='word_1_10' title='bbox 1063 459 1219 497; x_wconf 84' lang='lat' dir='ltr'>criticis.</span> <span class='ocrx_word' id='word_1_11' title='bbox 1274 457 1358 496; x_wconf 89' lang='lat' dir='ltr'>Iam</span> <span class='ocrx_word' id='word_1_12' title='bbox 1386 458 1548 496; x_wconf 86' lang='lat' dir='ltr'>Guietus</span> 
     </span>
     <span class='ocr_line' id='line_1_5' title="bbox 129 522 1547 575; baseline -0.005 -8"><span class='ocrx_word' id='word_1_13' title='bbox 129 530 208 575; x_wconf 91' lang='lat' dir='ltr'>ille,</span> <span class='ocrx_word' id='word_1_14' title='bbox 236 528 270 566; x_wconf 90' lang='lat' dir='ltr'>si</span> <span class='ocrx_word' id='word_1_15' title='bbox 297 526 471 565; x_wconf 87' lang='lat' dir='ltr'>Sandono</span> <span class='ocrx_word' id='word_1_16' title='bbox 501 524 703 570; x_wconf 86' lang='lat' dir='ltr'>credimus,</span> <span class='ocrx_word' id='word_1_17' title='bbox 732 525 967 573; x_wconf 86' lang='lat' dir='ltr'>postremam</span> <span class='ocrx_word' id='word_1_18' title='bbox 994 523 1193 573; x_wconf 75' lang='lat' dir='ltr'>stropham</span> <span class='ocrx_word' id='word_1_19' title='bbox 1211 522 1367 560; x_wconf 78' lang='lat' dir='ltr'><strong>sustulit</strong></span> <span class='ocrx_word' id='word_1_20' title='bbox 1387 524 1426 560; x_wconf 89' lang='lat' dir='ltr'>et</span> <span class='ocrx_word' id='word_1_21' title='bbox 1445 523 1547 561; x_wconf 83' lang='lat' dir='ltr'>inter</span> 
     </span>
     <span class='ocr_line' id='line_1_6' title="bbox 129 587 1547 638; baseline -0.005 -7"><span class='ocrx_word' id='word_1_22' title='bbox 129 592 360 638; x_wconf 68' lang='lat' dir='ltr'>recentiores</span> <span class='ocrx_word' id='word_1_23' title='bbox 402 589 620 627; x_wconf 88' lang='lat' dir='ltr'>Meinekius</span> <span class='ocrx_word' id='word_1_24' title='bbox 662 590 701 626; x_wconf 92' lang='lat' dir='ltr'>et</span> <span class='ocrx_word' id='word_1_25' title='bbox 742 587 888 625; x_wconf 85' lang='lat' dir='ltr'>Linker</span> <span class='ocrx_word' id='word_1_26' title='bbox 931 587 1012 625; x_wconf 91' lang='lat' dir='ltr'>eius</span> <span class='ocrx_word' id='word_1_27' title='bbox 1052 588 1174 625; x_wconf 89' lang='lat' dir='ltr'>secuti</span> <span class='ocrx_word' id='word_1_28' title='bbox 1202 590 1291 625; x_wconf 90' lang='lat' dir='ltr'>sunt</span> <span class='ocrx_word' id='word_1_29' title='bbox 1320 587 1547 636; x_wconf 83' lang='lat' dir='ltr'>exemplum.</span> 
     </span>
     <span class='ocr_line' id='line_1_7' title="bbox 129 648 1545 705; baseline -0.004 -10"><span class='ocrx_word' id='word_1_30' title='bbox 129 655 276 695; x_wconf 85' lang='lat' dir='ltr'>Peerlc.</span> <span class='ocrx_word' id='word_1_31' title='bbox 295 656 428 705; x_wconf 17' lang='lat' dir='ltr'>*totum</span> <span class='ocrx_word' id='word_1_32' title='bbox 457 665 611 691; x_wconf 85' lang='lat' dir='ltr'>carmen</span> <span class='ocrx_word' id='word_1_33' title='bbox 638 648 858 702; x_wconf 85' lang='lat' dir='ltr'>repudiavit</span> <span class='ocrx_word' id='word_1_34' title='bbox 883 653 999 701; x_wconf 88' lang='lat' dir='ltr'>atque</span> <span class='ocrx_word' id='word_1_35' title='bbox 1020 650 1169 702; x_wconf 84' lang='lat' dir='ltr'>Gruppi</span> <span class='ocrx_word' id='word_1_36' title='bbox 1189 651 1314 690; x_wconf 89' lang='lat' dir='ltr'>Minos</span> <span class='ocrx_word' id='word_1_37' title='bbox 1335 654 1374 690; x_wconf 90' lang='lat' dir='ltr'>et</span> <span class='ocrx_word' id='word_1_38' title='bbox 1392 651 1545 690; x_wconf 87' lang='lat' dir='ltr'>Aeacus</span> 
     </span>
     <span class='ocr_line' id='line_1_8' title="bbox 131 716 1546 759; baseline -0.004 0"><span class='ocrx_word' id='word_1_39' title='bbox 131 723 170 759; x_wconf 88' lang='lat' dir='ltr'>et</span> <span class='ocrx_word' id='word_1_40' title='bbox 210 732 340 759; x_wconf 88' lang='lat' dir='ltr'>secum</span> <span class='ocrx_word' id='word_1_41' title='bbox 382 720 421 756; x_wconf 92' lang='lat' dir='ltr'>et</span> <span class='ocrx_word' id='word_1_42' title='bbox 461 717 564 755; x_wconf 91' lang='lat' dir='ltr'>inter</span> <span class='ocrx_word' id='word_1_43' title='bbox 604 729 645 754; x_wconf 92' lang='lat' dir='ltr'>se</span> <span class='ocrx_word' id='word_1_44' title='bbox 687 716 966 755; x_wconf 89' lang='lat' dir='ltr'>consentientes</span> <span class='ocrx_word' id='word_1_45' title='bbox 1008 716 1111 754; x_wconf 88' lang='lat' dir='ltr'>idem</span> <span class='ocrx_word' id='word_1_46' title='bbox 1146 716 1305 754; x_wconf 86' lang='lat' dir='ltr'>faciunt.</span> <span class='ocrx_word' id='word_1_47' title='bbox 1362 716 1546 754; x_wconf 89' lang='lat' dir='ltr'>Lehrsius</span> 
     </span>
     <span class='ocr_line' id='line_1_9' title="bbox 131 779 1546 830; baseline -0.003 -8"><span class='ocrx_word' id='word_1_48' title='bbox 131 783 228 822; x_wconf 89' lang='lat' dir='ltr'>solos</span> <span class='ocrx_word' id='word_1_49' title='bbox 255 796 316 821; x_wconf 84' lang='lat' dir='ltr'>vv.</span> <span class='ocrx_word' id='word_1_50' title='bbox 348 783 397 819; x_wconf 83' lang='lat'>25</span> <span class='ocrx_word' id='word_1_51' title='bbox 434 783 473 819; x_wconf 91' lang='lat' dir='ltr'>et</span> <span class='ocrx_word' id='word_1_52' title='bbox 502 781 552 818; x_wconf 84' lang='lat'>26</span> <span class='ocrx_word' id='word_1_53' title='bbox 581 779 814 818; x_wconf 82' lang='lat' dir='ltr'>insanabiles</span> <span class='ocrx_word' id='word_1_54' title='bbox 841 780 1004 830; x_wconf 84' lang='lat' dir='ltr'>putavit.</span> <span class='ocrx_word' id='word_1_55' title='bbox 1047 779 1242 818; x_wconf 87' lang='lat' dir='ltr'>Praeterea</span> <span class='ocrx_word' id='word_1_56' title='bbox 1268 780 1546 818; x_wconf 80' lang='lat' dir='ltr'>mutationibus</span> 
     </span>
     <span class='ocr_line' id='line_1_10' title="bbox 131 844 1545 895; baseline -0.003 -9"><span class='ocrx_word' id='word_1_57' title='bbox 131 847 243 886; x_wconf 84' lang='lat' dir='ltr'>valde</span> <span class='ocrx_word' id='word_1_58' title='bbox 286 845 413 884; x_wconf 88' lang='lat' dir='ltr'>dubiis</span> <span class='ocrx_word' id='word_1_59' title='bbox 455 847 494 882; x_wconf 90' lang='lat' dir='ltr'>et</span> <span class='ocrx_word' id='word_1_60' title='bbox 527 844 715 894; x_wconf 84' lang='lat' dir='ltr'>suspectis</span> <span class='ocrx_word' id='word_1_61' title='bbox 750 844 929 882; x_wconf 86' lang='lat' dir='ltr'>carminis</span> <span class='ocrx_word' id='word_1_62' title='bbox 958 844 1203 883; x_wconf 88' lang='lat' dir='ltr'>difficultates</span> <span class='ocrx_word' id='word_1_63' title='bbox 1232 845 1343 895; x_wconf 86' lang='lat' dir='ltr'>quasi</span> <span class='ocrx_word' id='word_1_64' title='bbox 1370 844 1545 894; x_wconf 90' lang='lat' dir='ltr'>scopulos</span> 
     </span>
     <span class='ocr_line' id='line_1_11' title="bbox 132 908 1545 959; baseline -0.002 -10"><span class='ocrx_word' id='word_1_65' title='bbox 132 911 277 949; x_wconf 85' lang='lat' dir='ltr'>evitare</span> <span class='ocrx_word' id='word_1_66' title='bbox 319 911 491 947; x_wconf 91' lang='lat' dir='ltr'>conatur.</span> <span class='ocrx_word' id='word_1_67' title='bbox 548 908 642 953; x_wconf 85' lang='lat' dir='ltr'>Quae</span> <span class='ocrx_word' id='word_1_68' title='bbox 685 911 816 947; x_wconf 88' lang='lat' dir='ltr'>contra</span> <span class='ocrx_word' id='word_1_69' title='bbox 850 908 1029 946; x_wconf 82' lang='lat' dir='ltr'>carminis</span> <span class='ocrx_word' id='word_1_70' title='bbox 1057 909 1323 959; x_wconf 74' lang='lat' dir='ltr'>integritatem</span> <span class='ocrx_word' id='word_1_71' title='bbox 1351 908 1444 946; x_wconf 55' lang='lat' dir='ltr'>dici&gt;</span> <span class='ocrx_word' id='word_1_72' title='bbox 1456 921 1545 959; x_wconf 89' lang='lat' dir='ltr'>pos-</span> 
     </span>
     <span class='ocr_line' id='line_1_12' title="bbox 132 971 1544 1023; baseline -0.001 -10"><span class='ocrx_word' id='word_1_73' title='bbox 132 977 232 1021; x_wconf 87' lang='lat' dir='ltr'>sunt,</span> <span class='ocrx_word' id='word_1_74' title='bbox 269 973 394 1012; x_wconf 89' lang='lat' dir='ltr'>omnia</span> <span class='ocrx_word' id='word_1_75' title='bbox 429 986 451 1010; x_wconf 88' lang='lat' dir='ltr'>a</span> <span class='ocrx_word' id='word_1_76' title='bbox 478 972 648 1011; x_wconf 86' lang='lat' dir='ltr'>Peerlc:o</span> <span class='ocrx_word' id='word_1_77' title='bbox 678 972 781 1011; x_wconf 89' lang='lat' dir='ltr'>dicta</span> <span class='ocrx_word' id='word_1_78' title='bbox 809 974 910 1010; x_wconf 89' lang='lat' dir='ltr'>sunt.</span> <span class='ocrx_word' id='word_1_79' title='bbox 967 971 1162 1023; x_wconf 83' lang='lat' dir='ltr'>Gruppius</span> <span class='ocrx_word' id='word_1_80' title='bbox 1191 973 1308 1011; x_wconf 88' lang='lat' dir='ltr'>etiam</span> <span class='ocrx_word' id='word_1_81' title='bbox 1336 985 1544 1023; x_wconf 88' lang='lat' dir='ltr'>argumen-</span> 
     </span>
     <span class='ocr_line' id='line_1_13' title="bbox 131 1037 1545 1087; baseline -0.001 -11"><span class='ocrx_word' id='word_1_82' title='bbox 131 1041 214 1076; x_wconf 90' lang='lat' dir='ltr'>tum</span> <span class='ocrx_word' id='word_1_83' title='bbox 242 1037 468 1076; x_wconf 77' lang='lat' dir='ltr'>historicum</span> <span class='ocrx_word' id='word_1_84' title='bbox 497 1039 537 1074; x_wconf 90' lang='lat' dir='ltr'>et</span> <span class='ocrx_word' id='word_1_85' title='bbox 570 1038 809 1083; x_wconf 82' lang='lat' dir='ltr'>„externum“</span> <span class='ocrx_word' id='word_1_86' title='bbox 844 1038 1021 1082; x_wconf 76' lang='lat' dir='ltr'>ostentat,</span> <span class='ocrx_word' id='word_1_87' title='bbox 1052 1050 1094 1074; x_wconf 83' lang='lat' dir='ltr'>ex</span> <span class='ocrx_word' id='word_1_88' title='bbox 1122 1050 1195 1086; x_wconf 91' lang='lat' dir='ltr'>quo</span> <span class='ocrx_word' id='word_1_89' title='bbox 1216 1037 1338 1075; x_wconf 88' lang='lat' dir='ltr'>credit</span> <span class='ocrx_word' id='word_1_90' title='bbox 1358 1050 1545 1087; x_wconf 88' lang='lat' dir='ltr'>apparere</span> 
     </span>
     <span class='ocr_line' id='line_1_14' title="bbox 130 1100 1546 1151; baseline -0.001 -10"><span class='ocrx_word' id='word_1_91' title='bbox 130 1115 287 1149; x_wconf 84' lang='lat' dir='ltr'>carmen</span> <span class='ocrx_word' id='word_1_92' title='bbox 329 1114 411 1139; x_wconf 88' lang='lat' dir='ltr'>esse</span> <span class='ocrx_word' id='word_1_93' title='bbox 453 1101 626 1151; x_wconf 89' lang='lat' dir='ltr'>spurium</span> <span class='ocrx_word' id='word_1_94' title='bbox 668 1100 780 1149; x_wconf 82' lang='lat' dir='ltr'>(Min.</span> <span class='ocrx_word' id='word_1_95' title='bbox 818 1101 880 1147; x_wconf 82' lang='lat'>74,</span> <span class='ocrx_word' id='word_1_96' title='bbox 909 1114 993 1151; x_wconf 87' lang='lat' dir='ltr'>sqq,</span> <span class='ocrx_word' id='word_1_97' title='bbox 1023 1100 1139 1140; x_wconf 85' lang='lat' dir='ltr'>Aeac.</span> <span class='ocrx_word' id='word_1_98' title='bbox 1170 1101 1250 1151; x_wconf 86' lang='lat'>50).</span> <span class='ocrx_word' id='word_1_99' title='bbox 1307 1100 1415 1140; x_wconf 88' lang='lat' dir='ltr'>Dicit</span> <span class='ocrx_word' id='word_1_100' title='bbox 1444 1101 1546 1139; x_wconf 90' lang='lat' dir='ltr'>enim</span> 
     </span>
     <span class='ocr_line' id='line_1_15' title="bbox 133 1164 1545 1205; baseline -0.001 0"><span class='ocrx_word' id='word_1_101' title='bbox 133 1179 286 1205; x_wconf 88' lang='lat' dir='ltr'>carmen</span> <span class='ocrx_word' id='word_1_102' title='bbox 328 1179 351 1203; x_wconf 88' lang='lat' dir='ltr'>a</span> <span class='ocrx_word' id='word_1_103' title='bbox 392 1164 578 1203; x_wconf 89' lang='lat' dir='ltr'>Diomede</span> <span class='ocrx_word' id='word_1_104' title='bbox 619 1165 660 1202; x_wconf 91' lang='lat' dir='ltr'>in</span> <span class='ocrx_word' id='word_1_105' title='bbox 700 1165 830 1203; x_wconf 91' lang='lat' dir='ltr'>libello</span> <span class='ocrx_word' id='word_1_106' title='bbox 874 1165 920 1203; x_wconf 92' lang='lat' dir='ltr'>de</span> <span class='ocrx_word' id='word_1_107' title='bbox 952 1165 1085 1203; x_wconf 91' lang='lat' dir='ltr'>metris</span> <span class='ocrx_word' id='word_1_108' title='bbox 1119 1166 1330 1203; x_wconf 82' lang='lat' dir='ltr'>horatianis</span> <span class='ocrx_word' id='word_1_109' title='bbox 1358 1179 1433 1203; x_wconf 91' lang='lat' dir='ltr'>non</span> <span class='ocrx_word' id='word_1_110' title='bbox 1462 1178 1545 1203; x_wconf 89' lang='lat' dir='ltr'>esse</span> 
     </span>
    </p>
   </div>
   <div class='ocr_carea' id='block_1_5' title="bbox 70 1229 1546 1268">
    <p class='ocr_par' dir='ltr' id='par_1_5' title="bbox 70 1229 1546 1268">
     <span class='ocr_line' id='line_1_16' title="bbox 70 1229 1546 1268; baseline -0.001 0"><span class='ocrx_word' id='word_1_111' title='bbox 70 1238 75 1240; x_wconf 77' lang='grc'><em>“</em></span> <span class='ocrx_word' id='word_1_112' title='bbox 131 1232 386 1268; x_wconf 86' lang='lat' dir='ltr'>numeratum.</span> <span class='ocrx_word' id='word_1_113' title='bbox 442 1229 534 1267; x_wconf 90' lang='lat' dir='ltr'>Alia</span> <span class='ocrx_word' id='word_1_114' title='bbox 574 1229 794 1267; x_wconf 86' lang='lat' dir='ltr'>testimonia</span> <span class='ocrx_word' id='word_1_115' title='bbox 827 1242 898 1267; x_wconf 92' lang='lat' dir='ltr'>non</span> <span class='ocrx_word' id='word_1_116' title='bbox 934 1232 1054 1267; x_wconf 89' lang='lat' dir='ltr'>curat.</span> <span class='ocrx_word' id='word_1_117' title='bbox 1111 1229 1273 1268; x_wconf 85' lang='lat' dir='ltr'>Carmen</span> <span class='ocrx_word' id='word_1_118' title='bbox 1301 1232 1546 1268; x_wconf 89' lang='lat' dir='ltr'>numeratum</span> 
     </span>
    </p>
   </div>
   <div class='ocr_carea' id='block_1_6' title="bbox 132 1293 1584 2435">
    <p class='ocr_par' dir='ltr' id='par_1_6' title="bbox 132 1293 1584 1910">
     <span class='ocr_line' id='line_1_17' title="bbox 135 1293 1544 1344; baseline -0.001 -12"><span class='ocrx_word' id='word_1_119' title='bbox 135 1296 192 1332; x_wconf 86' lang='lat' dir='ltr'>est</span> <span class='ocrx_word' id='word_1_120' title='bbox 225 1308 247 1331; x_wconf 92' lang='lat' dir='ltr'>a</span> <span class='ocrx_word' id='word_1_121' title='bbox 280 1294 404 1332; x_wconf 89' lang='lat' dir='ltr'>Mario</span> <span class='ocrx_word' id='word_1_122' title='bbox 432 1293 631 1332; x_wconf 91' lang='lat' dir='ltr'>Victorino</span> <span class='ocrx_word' id='word_1_123' title='bbox 660 1296 698 1331; x_wconf 92' lang='lat' dir='ltr'>et</span> <span class='ocrx_word' id='word_1_124' title='bbox 727 1296 1060 1332; x_wconf 88' lang='lat' dir='ltr'>commemoratum</span> <span class='ocrx_word' id='word_1_125' title='bbox 1088 1296 1276 1343; x_wconf 90' lang='lat' dir='ltr'>praeterea</span> <span class='ocrx_word' id='word_1_126' title='bbox 1304 1308 1327 1331; x_wconf 91' lang='lat' dir='ltr'>a</span> <span class='ocrx_word' id='word_1_127' title='bbox 1354 1296 1544 1344; x_wconf 89' lang='lat' dir='ltr'>praestan-</span> 
     </span>
     <span class='ocr_line' id='line_1_18' title="bbox 132 1356 1544 1409; baseline 0 -14"><span class='ocrx_word' id='word_1_128' title='bbox 132 1358 290 1396; x_wconf 86' lang='lat' dir='ltr'>tissimis</span> <span class='ocrx_word' id='word_1_129' title='bbox 325 1358 600 1409; x_wconf 87' lang='lat' dir='ltr'>grammaticis,</span> <span class='ocrx_word' id='word_1_130' title='bbox 635 1359 679 1395; x_wconf 91' lang='lat' dir='ltr'>ut</span> <span class='ocrx_word' id='word_1_131' title='bbox 705 1356 913 1404; x_wconf 85' lang='lat' dir='ltr'>Prisciano,</span> <span class='ocrx_word' id='word_1_132' title='bbox 943 1357 1091 1395; x_wconf 89' lang='lat' dir='ltr'>Donato</span> <span class='ocrx_word' id='word_1_133' title='bbox 1122 1358 1169 1395; x_wconf 91' lang='lat' dir='ltr'>ad</span> <span class='ocrx_word' id='word_1_134' title='bbox 1197 1357 1350 1396; x_wconf 86' lang='lat' dir='ltr'>Terent.</span> <span class='ocrx_word' id='word_1_135' title='bbox 1381 1358 1544 1396; x_wconf 90' lang='lat' dir='ltr'>eunuch.</span> 
     </span>
     <span class='ocr_line' id='line_1_19' title="bbox 132 1413 1545 1469; baseline 0 -9"><span class='ocrx_word' id='word_1_136' title='bbox 132 1420 202 1461; x_wconf 92' lang='lat' dir='ltr'><strong>III:</strong></span> <span class='ocrx_word' id='word_1_137' title='bbox 233 1423 269 1469; x_wconf 80' lang='lat'>2,</span> <span class='ocrx_word' id='word_1_138' title='bbox 300 1423 363 1469; x_wconf 82' lang='lat'>25,</span> <span class='ocrx_word' id='word_1_139' title='bbox 406 1421 512 1461; x_wconf 84' lang='lat' dir='ltr'>Serv.</span> <span class='ocrx_word' id='word_1_140' title='bbox 543 1422 591 1461; x_wconf 86' lang='lat' dir='ltr'>ad</span> <span class='ocrx_word' id='word_1_141' title='bbox 618 1422 716 1461; x_wconf 92' lang='lat' dir='ltr'>Aen.</span> <span class='ocrx_word' id='word_1_142' title='bbox 756 1421 867 1461; x_wconf 77' lang='lat' dir='ltr'>&#39;VHIt</span> <span class='ocrx_word' id='word_1_143' title='bbox 904 1422 993 1462; x_wconf 86' lang='lat'>638.</span> <span class='ocrx_word' id='word_1_144' title='bbox 1056 1413 1212 1461; x_wconf 84' lang='lat' dir='ltr'>Constat</span> <span class='ocrx_word' id='word_1_145' title='bbox 1246 1422 1472 1461; x_wconf 89' lang='lat' dir='ltr'>Diomedem</span> <span class='ocrx_word' id='word_1_146' title='bbox 1505 1423 1545 1460; x_wconf 90' lang='lat' dir='ltr'>in</span> 
     </span>
     <span class='ocr_line' id='line_1_20' title="bbox 132 1486 1584 1537; baseline 0 -13"><span class='ocrx_word' id='word_1_147' title='bbox 132 1487 266 1525; x_wconf 88' lang='lat' dir='ltr'>metris</span> <span class='ocrx_word' id='word_1_148' title='bbox 295 1487 562 1525; x_wconf 89' lang='lat' dir='ltr'>enumerandis</span> <span class='ocrx_word' id='word_1_149' title='bbox 589 1487 862 1537; x_wconf 85' lang='lat' dir='ltr'>neglegentem</span> <span class='ocrx_word' id='word_1_150' title='bbox 889 1486 1007 1524; x_wconf 89' lang='lat' dir='ltr'>fuisse</span> <span class='ocrx_word' id='word_1_151' title='bbox 1033 1489 1148 1536; x_wconf 90' lang='lat' dir='ltr'>atque</span> <span class='ocrx_word' id='word_1_152' title='bbox 1169 1487 1351 1533; x_wconf 89' lang='lat' dir='ltr'>carmina,</span> <span class='ocrx_word' id='word_1_153' title='bbox 1381 1501 1545 1536; x_wconf 89' lang='lat' dir='ltr'>quorum</span> <span class='ocrx_word' id='word_1_154' title='bbox 1578 1496 1584 1501; x_wconf 89' lang='lat'>&#39;</span> 
     </span>
     <span class='ocr_line' id='line_1_21' title="bbox 134 1550 1545 1601; baseline -0.001 -12"><span class='ocrx_word' id='word_1_155' title='bbox 134 1551 273 1589; x_wconf 91' lang='lat' dir='ltr'>oblitus</span> <span class='ocrx_word' id='word_1_156' title='bbox 308 1550 370 1597; x_wconf 89' lang='lat' dir='ltr'>sit,</span> <span class='ocrx_word' id='word_1_157' title='bbox 400 1564 572 1601; x_wconf 80' lang='lat' dir='ltr'>persaepe</span> <span class='ocrx_word' id='word_1_158' title='bbox 600 1564 675 1589; x_wconf 92' lang='lat' dir='ltr'>non</span> <span class='ocrx_word' id='word_1_159' title='bbox 703 1551 836 1589; x_wconf 86' lang='lat' dir='ltr'>eadem</span> <span class='ocrx_word' id='word_1_160' title='bbox 866 1564 959 1596; x_wconf 88' lang='lat' dir='ltr'>esse,</span> <span class='ocrx_word' id='word_1_161' title='bbox 989 1564 1075 1600; x_wconf 86' lang='lat' dir='ltr'>quae</span> <span class='ocrx_word' id='word_1_162' title='bbox 1103 1551 1355 1600; x_wconf 83' lang='lat' dir='ltr'>hypercritici</span> <span class='ocrx_word' id='word_1_163' title='bbox 1384 1551 1545 1589; x_wconf 89' lang='lat' dir='ltr'>damna-</span> 
     </span>
     <span class='ocr_line' id='line_1_22' title="bbox 132 1614 1545 1664; baseline -0.001 -12"><span class='ocrx_word' id='word_1_164' title='bbox 132 1615 272 1652; x_wconf 84' lang='lat' dir='ltr'>verint.</span> <span class='ocrx_word' id='word_1_165' title='bbox 343 1614 538 1664; x_wconf 85' lang='lat' dir='ltr'>Gruppius</span> <span class='ocrx_word' id='word_1_166' title='bbox 579 1615 663 1664; x_wconf 87' lang='lat' dir='ltr'>ipse</span> <span class='ocrx_word' id='word_1_167' title='bbox 705 1615 907 1652; x_wconf 89' lang='lat' dir='ltr'>confitetur</span> <span class='ocrx_word' id='word_1_168' title='bbox 947 1614 1260 1664; x_wconf 89' lang='lat' dir='ltr'>interpolationes</span> <span class='ocrx_word' id='word_1_169' title='bbox 1301 1615 1422 1651; x_wconf 86' lang='lat' dir='ltr'>multo</span> <span class='ocrx_word' id='word_1_170' title='bbox 1456 1617 1545 1652; x_wconf 87' lang='lat' dir='ltr'>ante</span> 
     </span>
     <span class='ocr_line' id='line_1_23' title="bbox 133 1677 1541 1728; baseline 0 -12"><span class='ocrx_word' id='word_1_171' title='bbox 133 1677 360 1716; x_wconf 88' lang='lat' dir='ltr'>Diomedem</span> <span class='ocrx_word' id='word_1_172' title='bbox 387 1678 508 1716; x_wconf 88' lang='lat' dir='ltr'>factas</span> <span class='ocrx_word' id='word_1_173' title='bbox 538 1691 619 1716; x_wconf 90' lang='lat' dir='ltr'>esse</span> <span class='ocrx_word' id='word_1_174' title='bbox 648 1677 728 1716; x_wconf 84' lang='lat' dir='ltr'>sive</span> <span class='ocrx_word' id='word_1_175' title='bbox 756 1677 886 1728; x_wconf 85' lang='lat' dir='ltr'>paullo</span> <span class='ocrx_word' id='word_1_176' title='bbox 904 1679 991 1728; x_wconf 90' lang='lat' dir='ltr'>post</span> <span class='ocrx_word' id='word_1_177' title='bbox 1009 1677 1149 1716; x_wconf 89' lang='lat' dir='ltr'>Horati</span> <span class='ocrx_word' id='word_1_178' title='bbox 1167 1680 1330 1716; x_wconf 90' lang='lat' dir='ltr'>mortem</span> <span class='ocrx_word' id='word_1_179' title='bbox 1350 1681 1388 1716; x_wconf 92' lang='lat' dir='ltr'>et</span> <span class='ocrx_word' id='word_1_180' title='bbox 1407 1691 1541 1728; x_wconf 89' lang='lat' dir='ltr'>gram-</span> 
     </span>
     <span class='ocr_line' id='line_1_24' title="bbox 132 1733 1545 1792; baseline 0 -12"><span class='ocrx_word' id='word_1_181' title='bbox 132 1742 361 1781; x_wconf 89' lang='lat' dir='ltr'>maticorum</span> <span class='ocrx_word' id='word_1_182' title='bbox 401 1745 572 1792; x_wconf 90' lang='lat' dir='ltr'>tempore</span> <span class='ocrx_word' id='word_1_183' title='bbox 615 1733 759 1792; x_wconf 81' lang='lat' dir='ltr'>scripta</span> <span class='ocrx_word' id='word_1_184' title='bbox 800 1741 938 1780; x_wconf 87' lang='lat' dir='ltr'>Horati</span> <span class='ocrx_word' id='word_1_185' title='bbox 979 1742 1074 1780; x_wconf 88' lang='lat' dir='ltr'>talia</span> <span class='ocrx_word' id='word_1_186' title='bbox 1118 1756 1212 1788; x_wconf 87' lang='lat' dir='ltr'>esse,</span> <span class='ocrx_word' id='word_1_187' title='bbox 1255 1742 1385 1792; x_wconf 89' lang='lat' dir='ltr'>qualia</span> <span class='ocrx_word' id='word_1_188' title='bbox 1428 1743 1545 1781; x_wconf 87' lang='lat' dir='ltr'>etiam</span> 
     </span>
     <span class='ocr_line' id='line_1_25' title="bbox 132 1805 1546 1888; baseline 0.001 -44"><span class='ocrx_word' id='word_1_189' title='bbox 132 1819 234 1845; x_wconf 91' lang='lat' dir='ltr'>nunc</span> <span class='ocrx_word' id='word_1_190' title='bbox 275 1809 434 1845; x_wconf 89' lang='lat' dir='ltr'>restent.</span> <span class='ocrx_word' id='word_1_191' title='bbox 491 1805 584 1851; x_wconf 84' lang='lat' dir='ltr'>Quae</span> <span class='ocrx_word' id='word_1_192' title='bbox 627 1820 745 1856; x_wconf 89' lang='lat' dir='ltr'>quum</span> <span class='ocrx_word' id='word_1_193' title='bbox 786 1806 841 1844; x_wconf 87' lang='lat' dir='ltr'>ita</span> <span class='ocrx_word' id='word_1_194' title='bbox 875 1806 964 1853; x_wconf 80' lang='lat' dir='ltr'>sint,</span> <span class='ocrx_word' id='word_1_195' title='bbox 1008 1806 1101 1857; x_wconf 88' lang='lat' dir='ltr'>quid</span> <span class='ocrx_word' id='word_1_196' title='bbox 1136 1806 1275 1844; x_wconf 86' lang='lat' dir='ltr'>attinet</span> <span class='ocrx_word' id='word_1_197' title='bbox 1301 1806 1546 1888; x_wconf 84' lang='lat' dir='ltr'>neglegentis</span> 
     </span>
     <span class='ocr_line' id='line_1_26' title="bbox 132 1871 1032 1910; baseline 0 -1"><span class='ocrx_word' id='word_1_198' title='bbox 132 1873 343 1909; x_wconf 88' lang='lat' dir='ltr'>metrorum</span> <span class='ocrx_word' id='word_1_199' title='bbox 370 1871 650 1910; x_wconf 85' lang='lat' dir='ltr'>ratiocinatoris</span> <span class='ocrx_word' id='word_1_200' title='bbox 679 1871 907 1910; x_wconf 87' lang='lat' dir='ltr'>auctoritate</span> <span class='ocrx_word' id='word_1_201' title='bbox 934 1871 1032 1909; x_wconf 75' lang='lat' dir='ltr'>niti?</span> 
     </span>
    </p>

    <p class='ocr_par' dir='ltr' id='par_1_7' title="bbox 133 1934 1547 2102">
     <span class='ocr_line' id='line_1_27' title="bbox 268 1934 1547 1985; baseline 0 -12"><span class='ocrx_word' id='word_1_202' title='bbox 268 1935 432 1974; x_wconf 91' lang='lat' dir='ltr'>Proinde</span> <span class='ocrx_word' id='word_1_203' title='bbox 468 1935 507 1973; x_wconf 90' lang='lat' dir='ltr'>id</span> <span class='ocrx_word' id='word_1_204' title='bbox 542 1935 643 1985; x_wconf 89' lang='lat' dir='ltr'>quod</span> <span class='ocrx_word' id='word_1_205' title='bbox 678 1949 700 1973; x_wconf 89' lang='lat' dir='ltr'>a</span> <span class='ocrx_word' id='word_1_206' title='bbox 729 1934 900 1985; x_wconf 87' lang='lat' dir='ltr'>Gruppio</span> <span class='ocrx_word' id='word_1_207' title='bbox 929 1935 1003 1974; x_wconf 90' lang='lat' dir='ltr'>hac</span> <span class='ocrx_word' id='word_1_208' title='bbox 1033 1936 1079 1974; x_wconf 91' lang='lat' dir='ltr'>de</span> <span class='ocrx_word' id='word_1_209' title='bbox 1107 1949 1150 1974; x_wconf 88' lang='lat' dir='ltr'>re</span> <span class='ocrx_word' id='word_1_210' title='bbox 1180 1936 1372 1974; x_wconf 90' lang='lat' dir='ltr'>obiectum</span> <span class='ocrx_word' id='word_1_211' title='bbox 1401 1939 1459 1974; x_wconf 87' lang='lat' dir='ltr'>est</span> <span class='ocrx_word' id='word_1_212' title='bbox 1486 1936 1547 1974; x_wconf 90' lang='lat' dir='ltr'>ni-</span> 
     </span>
     <span class='ocr_line' id='line_1_28' title="bbox 133 1999 1547 2050; baseline 0.001 -13"><span class='ocrx_word' id='word_1_213' title='bbox 133 1999 205 2038; x_wconf 92' lang='lat' dir='ltr'>hili</span> <span class='ocrx_word' id='word_1_214' title='bbox 241 2014 323 2038; x_wconf 87' lang='lat' dir='ltr'>esse</span> <span class='ocrx_word' id='word_1_215' title='bbox 356 2002 547 2050; x_wconf 90' lang='lat' dir='ltr'>putemus.</span> <span class='ocrx_word' id='word_1_216' title='bbox 608 1999 832 2046; x_wconf 81' lang='lat' dir='ltr'>Videamus,</span> <span class='ocrx_word' id='word_1_217' title='bbox 871 2000 964 2049; x_wconf 84' lang='lat' dir='ltr'>quid</span> <span class='ocrx_word' id='word_1_218' title='bbox 1000 2000 1066 2037; x_wconf 88' lang='lat' dir='ltr'>alii</span> <span class='ocrx_word' id='word_1_219' title='bbox 1099 2000 1174 2037; x_wconf 85' lang='lat' dir='ltr'>viri</span> <span class='ocrx_word' id='word_1_220' title='bbox 1214 2001 1424 2038; x_wconf 89' lang='lat' dir='ltr'>doctissimi</span> <span class='ocrx_word' id='word_1_221' title='bbox 1457 2014 1547 2050; x_wconf 88' lang='lat' dir='ltr'>pro-</span> 
     </span>
     <span class='ocr_line' id='line_1_29' title="bbox 133 2063 307 2102; baseline 0.006 -1"><span class='ocrx_word' id='word_1_222' title='bbox 133 2063 307 2102; x_wconf 88' lang='lat' dir='ltr'>tulerint.</span> 
     </span>
    </p>

    <p class='ocr_par' dir='ltr' id='par_1_8' title="bbox 133 2127 1547 2435">
     <span class='ocr_line' id='line_1_30' title="bbox 274 2127 1544 2178; baseline 0 -12"><span class='ocrx_word' id='word_1_223' title='bbox 274 2127 320 2166; x_wconf 92' lang='lat' dir='ltr'>In</span> <span class='ocrx_word' id='word_1_224' title='bbox 363 2127 597 2178; x_wconf 86' lang='lat' dir='ltr'>explicandis</span> <span class='ocrx_word' id='word_1_225' title='bbox 638 2128 768 2166; x_wconf 86' lang='lat' dir='ltr'>verbis</span> <span class='ocrx_word' id='word_1_226' title='bbox 810 2128 911 2165; x_wconf 79' lang='lat' dir='ltr'>docte</span> <span class='ocrx_word' id='word_1_227' title='bbox 951 2141 1135 2165; x_wconf 79' lang='lat' dir='ltr'>sermones</span> <span class='ocrx_word' id='word_1_228' title='bbox 1177 2129 1373 2178; x_wconf 75' lang='lat' dir='ltr'>utriusque</span> <span class='ocrx_word' id='word_1_229' title='bbox 1401 2129 1544 2178; x_wconf 72' lang='lat' dir='ltr'>linquae</span> 
     </span>
     <span class='ocr_line' id='line_1_31' title="bbox 135 2191 1545 2242; baseline 0.001 -14"><span class='ocrx_word' id='word_1_230' title='bbox 135 2191 298 2230; x_wconf 87' lang='lat' dir='ltr'>editores</span> <span class='ocrx_word' id='word_1_231' title='bbox 340 2205 575 2242; x_wconf 85' lang='lat' dir='ltr'>magnopere</span> <span class='ocrx_word' id='word_1_232' title='bbox 616 2191 814 2229; x_wconf 86' lang='lat' dir='ltr'>sudarunt.</span> <span class='ocrx_word' id='word_1_233' title='bbox 883 2191 1056 2230; x_wconf 89' lang='lat' dir='ltr'>Primum</span> <span class='ocrx_word' id='word_1_234' title='bbox 1098 2192 1277 2237; x_wconf 85' lang='lat' dir='ltr'>omnium,</span> <span class='ocrx_word' id='word_1_235' title='bbox 1320 2192 1353 2229; x_wconf 93' lang='lat' dir='ltr'>si</span> <span class='ocrx_word' id='word_1_236' title='bbox 1380 2192 1545 2230; x_wconf 84' lang='lat' dir='ltr'>formam</span> 
     </span>
     <span class='ocr_line' id='line_1_32' title="bbox 135 2255 1544 2306; baseline 0.001 -14"><span class='ocrx_word' id='word_1_237' title='bbox 135 2255 430 2302; x_wconf 85' lang='lat' dir='ltr'>consideramus,</span> <span class='ocrx_word' id='word_1_238' title='bbox 460 2255 685 2306; x_wconf 85' lang='lat' dir='ltr'>ambigitur,</span> <span class='ocrx_word' id='word_1_239' title='bbox 714 2257 845 2293; x_wconf 89' lang='lat' dir='ltr'>utrum</span> <span class='ocrx_word' id='word_1_240' title='bbox 872 2255 1079 2306; x_wconf 80' lang='lat' dir='ltr'>legendum</span> <span class='ocrx_word' id='word_1_241' title='bbox 1108 2256 1159 2293; x_wconf 90' lang='lat' dir='ltr'>sit</span> <span class='ocrx_word' id='word_1_242' title='bbox 1185 2268 1370 2293; x_wconf 77' lang='lat' dir='ltr'>sermones</span> <span class='ocrx_word' id='word_1_243' title='bbox 1398 2270 1448 2294; x_wconf 91' lang='lat' dir='ltr'>an</span> <span class='ocrx_word' id='word_1_244' title='bbox 1467 2269 1544 2294; x_wconf 83' lang='lat' dir='ltr'>ser-</span> 
     </span>
     <span class='ocr_line' id='line_1_33' title="bbox 133 2309 1544 2370; baseline 0.002 -14"><span class='ocrx_word' id='word_1_245' title='bbox 133 2320 265 2357; x_wconf 81' lang='lat' dir='ltr'>monis.</span> <span class='ocrx_word' id='word_1_246' title='bbox 298 2319 462 2357; x_wconf 89' lang='lat' dir='ltr'>Plurimi</span> <span class='ocrx_word' id='word_1_247' title='bbox 482 2319 588 2357; x_wconf 88' lang='lat' dir='ltr'>codd.</span> <span class='ocrx_word' id='word_1_248' title='bbox 610 2319 682 2358; x_wconf 90' lang='lat' dir='ltr'>hoc</span> <span class='ocrx_word' id='word_1_249' title='bbox 702 2319 860 2365; x_wconf 91' lang='lat' dir='ltr'>habent,</span> <span class='ocrx_word' id='word_1_250' title='bbox 886 2309 1062 2369; x_wconf 60' lang='lat' dir='ltr'>plurimae</span> <span class='ocrx_word' id='word_1_251' title='bbox 1085 2319 1268 2357; x_wconf 85' lang='lat' dir='ltr'>editiones</span> <span class='ocrx_word' id='word_1_252' title='bbox 1291 2322 1406 2370; x_wconf 89' lang='lat' dir='ltr'>atque</span> <span class='ocrx_word' id='word_1_253' title='bbox 1436 2320 1544 2359; x_wconf 88' lang='lat' dir='ltr'>codd.</span> 
     </span>
     <span class='ocr_line' id='line_1_34' title="bbox 140 2382 1547 2435; baseline 0.003 -15"><span class='ocrx_word' id='word_1_254' title='bbox 140 2382 298 2432; x_wconf 86' lang='lat' dir='ltr'>„primae</span> <span class='ocrx_word' id='word_1_255' title='bbox 328 2384 481 2423; x_wconf 83' lang='lat' dir='ltr'>classis“</span> <span class='ocrx_word' id='word_1_256' title='bbox 517 2397 604 2422; x_wconf 92' lang='lat' dir='ltr'>cum</span> <span class='ocrx_word' id='word_1_257' title='bbox 632 2383 782 2422; x_wconf 88' lang='lat' dir='ltr'>Donato</span> <span class='ocrx_word' id='word_1_258' title='bbox 807 2386 835 2421; x_wconf 66' lang='lat' dir='ltr'>sa</span> <span class='ocrx_word' id='word_1_259' title='bbox 854 2382 996 2434; x_wconf 91' lang='lat' dir='ltr'>Porph.</span> <span class='ocrx_word' id='word_1_260' title='bbox 1016 2383 1126 2422; x_wconf 88' lang='lat' dir='ltr'>nobis</span> <span class='ocrx_word' id='word_1_261' title='bbox 1145 2383 1241 2422; x_wconf 91' lang='lat' dir='ltr'>illud</span> <span class='ocrx_word' id='word_1_262' title='bbox 1261 2384 1482 2423; x_wconf 87' lang='lat' dir='ltr'>obtulerunt</span> <span class='ocrx_word' id='word_1_263' title='bbox 1504 2385 1547 2435; x_wconf 87' lang='lat'>¹).</span> 
     </span>
    </p>
   </div>
   <div class='ocr_carea' id='block_1_7' title="bbox 135 2498 1548 2595">
    <p class='ocr_par' dir='ltr' id='par_1_9' title="bbox 135 2498 1548 2595">
     <span class='ocr_line' id='line_1_35' title="bbox 225 2498 1548 2542; baseline 0.001 -9"><span class='ocrx_word' id='word_1_264' title='bbox 225 2498 245 2536; x_wconf 87' lang='lat'>¹)</span> <span class='ocrx_word' id='word_1_265' title='bbox 279 2505 346 2533; x_wconf 87' lang='lat' dir='ltr'>Hoc</span> <span class='ocrx_word' id='word_1_266' title='bbox 373 2505 441 2533; x_wconf 86' lang='lat' dir='ltr'>loco</span> <span class='ocrx_word' id='word_1_267' title='bbox 470 2505 572 2533; x_wconf 85' lang='lat' dir='ltr'>Keller</span> <span class='ocrx_word' id='word_1_268' title='bbox 595 2513 723 2533; x_wconf 75' lang='lat' dir='ltr'>causam</span> <span class='ocrx_word' id='word_1_269' title='bbox 746 2505 806 2533; x_wconf 84' lang='lat' dir='ltr'>sibi</span> <span class='ocrx_word' id='word_1_270' title='bbox 829 2505 982 2533; x_wconf 83' lang='lat' dir='ltr'>invenisse</span> <span class='ocrx_word' id='word_1_271' title='bbox 1004 2505 1136 2539; x_wconf 87' lang='lat' dir='ltr'>videtur,</span> <span class='ocrx_word' id='word_1_272' title='bbox 1161 2514 1215 2534; x_wconf 88' lang='lat' dir='ltr'>cur</span> <span class='ocrx_word' id='word_1_273' title='bbox 1238 2506 1372 2542; x_wconf 86' lang='lat' dir='ltr'>Cruquio</span> <span class='ocrx_word' id='word_1_274' title='bbox 1394 2506 1548 2534; x_wconf 80' lang='lat' dir='ltr'>fallaciam</span> 
     </span>
     <span class='ocr_line' id='line_1_36' title="bbox 135 2556 1547 2595; baseline 0.003 -11"><span class='ocrx_word' id='word_1_275' title='bbox 135 2556 254 2585; x_wconf 85' lang='lat' dir='ltr'>crimini</span> <span class='ocrx_word' id='word_1_276' title='bbox 281 2559 378 2593; x_wconf 78' lang='lat' dir='ltr'>daret,</span> <span class='ocrx_word' id='word_1_277' title='bbox 407 2559 440 2587; x_wconf 85' lang='lat' dir='ltr'>id</span> <span class='ocrx_word' id='word_1_278' title='bbox 468 2560 552 2595; x_wconf 83' lang='lat' dir='ltr'>quod</span> <span class='ocrx_word' id='word_1_279' title='bbox 574 2567 684 2594; x_wconf 78' lang='lat' dir='ltr'>magna</span> <span class='ocrx_word' id='word_1_280' title='bbox 707 2560 898 2587; x_wconf 73' lang='lat' dir='ltr'>contentione</span> <span class='ocrx_word' id='word_1_281' title='bbox 921 2559 996 2586; x_wconf 85' lang='lat' dir='ltr'>dicit</span> <span class='ocrx_word' id='word_1_282' title='bbox 1019 2560 1050 2587; x_wconf 90' lang='lat' dir='ltr'>in</span> <span class='ocrx_word' id='word_1_283' title='bbox 1072 2568 1152 2587; x_wconf 82' lang='lat' dir='ltr'>mus.</span> <span class='ocrx_word' id='word_1_284' title='bbox 1197 2561 1291 2588; x_wconf 86' lang='lat' dir='ltr'>Rhen.</span> <span class='ocrx_word' id='word_1_285' title='bbox 1318 2562 1411 2594; x_wconf 86' lang='grc'>1863,</span> <span class='ocrx_word' id='word_1_286' title='bbox 1437 2561 1497 2588; x_wconf 87' lang='grc'>282</span> <span class='ocrx_word' id='word_1_287' title='bbox 1524 2563 1547 2588; x_wconf 59' lang='lat' dir='ltr'>&amp;a</span> 
     </span>
    </p>
   </div>
  </div>
 </body>
</html>
