1768 2856
789 168 999 206 -30-

315 278 357 327 8)
387 277 481 323 Quae
510 277 669 327 stropha
698 276 954 322 continentur,
982 275 1217 314 fastidienda
1236 279 1338 323 sunt,
1353 278 1420 315 sed
1434 277 1603 316 nondum

182 342 342 381 inventa
382 341 443 380 lex
478 344 549 388 est,
578 354 665 391 quae
693 342 800 380 vetet
827 343 961 393 poetas
988 340 1029 378 id
1057 340 1158 390 quod
1186 340 1341 379 foedum
1370 344 1428 380 est
1455 341 1600 381 descri-

182 407 287 446 bere.
343 406 385 445 Si
426 407 512 458 quis
554 406 767 445 inferorum
809 419 944 445 canem
985 404 1203 444 describere
1244 404 1351 452 velit,
1394 406 1601 458 descriptio
1639 436 1647 445 ,

181 474 295 510 taetra
337 472 400 517 sit,
441 460 597 510 necesse
641 473 710 509 est.
766 469 828 508 Ita
870 470 973 508 enim
1005 469 1245 520 pingendum
1273 471 1343 515 est,
1372 472 1416 507 ut
1444 471 1532 509 alba
1561 473 1602 509 et

183 538 268 574 atra
297 536 504 581 discernas,
533 548 659 585 neque
688 535 799 573 licuit
828 537 959 573 contra
976 546 1230 585 ‘romanorum
1263 533 1479 583 opinionem
1507 534 1601 579 Cer-

182 600 318 637 berum
360 602 404 636 ut
445 599 668 648 ApoHinem
709 599 789 636 sive
819 598 1047 647 Cupidinem
1076 597 1299 647 depingere,
1327 609 1376 634 ne
1404 588 1631 636 hom-'mum‘

181 662 314 707 multis
342 662 494 702 saeculis
520 665 607 713 post
633 662 773 701 Horati
791 664 954 700 mortem
968 661 1186 700 futurorum
1201 660 1320 699 animi
1339 660 1387 698 ad
1408 660 1602 711 accipien-
1655 707 1658 710 ῃ
1675 673 1678 678 ’

183 728 272 765 dam
302 728 550 766 offensionem
578 727 712 765 molles
746 727 991 765 laederentur.
1049 725 1127 764 Cfr.
1158 724 1228 764 Ov.
1258 725 1416 763 Metam.
1446 724 1517 763 III:
1548 726 1598 763 75

184 791 232 829 de
262 791 443 830 dracone:

505 913 610 940 Plenis
632 913 810 940 tumuerant
833 913 961 947 guttura
983 912 1080 945 venis,

377 967 554 1003 spumaque
576 968 744 1003 pestiferos
767 967 952 994 circumfluit
975 966 1079 994 albida
1100 967 1209 999 rictus,

377 1022 534 1056 Terraque
556 1029 627 1049 rasa
650 1022 739 1048 sonat
763 1021 910 1056 squamis,
934 1021 1048 1055 quique
1070 1020 1187 1047 halitus
1213 1019 1276 1046 exit

377 1075 437 1103 Ore
460 1076 548 1110 niger
572 1075 673 1110 stygio
694 1075 820 1102 vitiatas
843 1074 940 1102 inficit
964 1082 1066 1102 auras.
1244 1070 1252 1078 ‘

313 1180 355 1229 4)
383 1179 468 1218 Hoc
511 1179 797 1218 cavillatoribus
840 1179 1109 1230 dignissimum
1136 1178 1233 1217 mihi
1261 1178 1424 1217 videtur.
1481 1178 1600 1217 Anti-

182 1245 269 1293 quis
312 1244 524 1282 certissime
566 1257 792 1293 persuasum
835 1246 929 1289 erat,
974 1256 1109 1292 corpus
1153 1245 1192 1295 et
1233 1243 1403 1280 animum
1430 1243 1532 1280 inter
1560 1256 1602 1281 se

182 1307 398 1347 convenire.
455 1307 561 1346 Fieri
588 1321 663 1346 non
691 1307 828 1358 potuit,
870 1309 914 1345 ut
941 1307 1146 1358 pulchrum
1175 1306 1345 1345 animum
1372 1306 1413 1345 in
1439 1306 1600 1346 deformi

182 1387 338 1424 corpore
360 1373 592 1424 cogitatione
613 1373 687 1410 sibi
706 1373 911 1422 fingerent.
964 1371 1087 1419 „Sana
1105 1385 1213 1410 mens
1232 1371 1272 1409 in
1292 1385 1449 1422 corpore
1468 1373 1599 1410 sano‘.

180 1438 329 1476 Eodem
356 1438 440 1476 iure
470 1438 546 1476 dici
574 1439 717 1487 potest:
761 1439 875 1475 taetra
902 1450 1010 1475 mens
1037 1436 1079 1474 in
1108 1450 1264 1486 corpore
1291 1439 1415 1475 taetro.
1471 1436 1598 1482 Quum

132 1544 135 1547 ,
181 1502 340 1541 Cerberi
369 1516 506 1552 corpus
535 1502 735 1540 horridum
764 1504 876 1547 esset,
906 1501 1053 1539 ratione
1073 1503 1180 1539 recta
1199 1514 1388 1551 sensuque
1409 1502 1600 1539 communi

179 1567 378 1604 utentibus
407 1566 556 1603 animus
586 1579 737 1615 quoque
765 1566 978 1603 horrendus
1007 1567 1197 1614 cantuque
1225 1565 1470 1602 inexorabilis
1489 1565 1599 1603 vide-

179 1630 307 1669 batur.

310 1695 351 1744 5)
381 1693 574 1741 Omnium,
618 1708 704 1744 quae
747 1696 879 1732 contra
922 1690 1076 1732 carmen
1119 1694 1222 1732 dicta
1257 1696 1357 1737 sunt,
1386 1694 1490 1732 haud
1519 1695 1596 1733 scio

181 1772 230 1797 an
257 1758 330 1798 hoc
359 1758 632 1810 gravissimum
667 1758 729 1797 sit.
785 1758 888 1797 Nam
923 1760 1009 1809 post
1037 1758 1223 1797 vocabula
1250 1760 1393 1797 ianitor
1420 1760 1601 1798 immanis

180 1824 292 1871 auloe,
323 1837 408 1873 quae
438 1826 527 1860 sunt
554 1823 718 1873 pulchra
744 1826 860 1872 atque
889 1826 1002 1873 poeta
1031 1824 1149 1873 digna
1177 1824 1381 1861 verborum
1410 1824 1596 1870 circuitio,

180 1888 242 1926 vix
272 1888 477 1938 quisquam
513 1890 702 1939 expectat,
737 1890 781 1925 ut
810 1887 999 1926 Cerberus
1026 1887 1256 1926 nominetur.
1314 1887 1455 1927 Contra
1482 1888 1600 1928 facile

180 1953 345 2003 cogitari
373 1955 512 2002 potest,
542 1953 772 2002 magistrum
800 1966 1019 2002 puerorum,
1049 1966 1167 2002 quum
1196 1953 1232 1990 ei
1258 1953 1518 1991 necessarium
1536 1954 1598 1991 vi-

179 2029 265 2054 sum
308 2018 407 2054 esset
440 2016 492 2062 id,
536 2017 636 2066 quod
665 2018 778 2066 poeta
808 2016 1096 2067 circumscripte
1126 2016 1413 2064 enuntiavisset,
1442 2017 1596 2055 nomine

179 2082 263 2131 ipso
306 2081 512 2120 dilucidius
541 2081 682 2123 facere,
712 2081 838 2119 subito
867 2081 1060 2131 Apollinis
1088 2082 1274 2120 instinctu
1302 2085 1449 2120 tactum
1478 2096 1498 2120 e
1526 2096 1597 2120 no—

178 2145 282 2186 mine
324 2145 449 2195 primo
491 2145 532 2182 in
574 2145 750 2195 margine
793 2145 934 2196 scripto
976 2146 1132 2196 plenam
1165 2146 1363 2196 stropham
1390 2146 1528 2184 fecisse
1558 2148 1599 2184 et

180 2209 341 2248 carmini
369 2209 588 2248 inseruisse.
646 2209 759 2248 Hanc
787 2212 917 2249 tamen
950 2211 1204 2261 suspicionem
1234 2224 1325 2249 cave
1355 2214 1503 2250 certum
1532 2225 1596 2249 ar-

180 2276 408 2323 gumentum
437 2287 518 2311 esse
550 2274 771 2311 credideris.
821 2274 987 2324 Stropha
1016 2277 1054 2312 et
1083 2288 1105 2312 a
1133 2274 1275 2325 Porph.
1307 2277 1345 2312 et
1374 2275 1422 2312 ab
1442 2274 1597 2313 Acrone

181 2339 475 2376 commemorata
505 2340 574 2376 est.
630 2337 761 2389 Atque
791 2352 909 2389 quum
937 2338 1098 2389 reliqua,
1129 2352 1215 2389 quae
1238 2341 1377 2378 contra
1396 2337 1595 2389 stropham

180 2402 283 2440 dicta
312 2405 413 2448 sunt,
442 2405 486 2440 ut
513 2405 726 2441 monstrare
761 2417 891 2442 sumus
921 2404 1060 2451 conati,
1091 2407 1158 2442 aut
1185 2418 1260 2443 non
1289 2405 1392 2442 iusta
1421 2405 1488 2441 aut
1515 2401 1594 2439 sal-

179 2470 258 2505 tem
295 2466 557 2504 infirmissima
599 2467 687 2513 sint,
731 2468 970 2506 cautissimos
998 2482 1065 2506 nos
1095 2482 1177 2507 esse
1207 2471 1355 2518 oportet
1383 2468 1424 2506 in
1452 2465 1593 2516 admit-

178 2531 295 2569 tenda
323 2530 588 2580 repudiatione
618 2545 640 2568 a
668 2534 725 2569 tot
754 2532 875 2570 doctis
903 2532 995 2571 viris
1024 2533 1139 2571 facta.
1195 2532 1237 2571 Si
1266 2533 1352 2582 quis
1379 2530 1499 2568 nihilo
1518 2529 1594 2567 mi-
