1768 2856
847 210 1135 269 —69—-'

241 352 283 403 7,
313 352 336 391 8
368 350 617 396 abiudicavit,
647 349 829 387 Luebker
856 350 924 387 str.
956 349 1006 387 14
1035 348 1153 387 oculis
1183 348 1348 399 obliquis
1377 350 1536 400 aspexit,
1556 349 1655 389 Mei-

238 416 382 456 ·nekius
411 417 478 453 str.
516 416 539 452 6
568 414 703 452 tollere
731 413 863 459 voluit,
893 412 1117 451 Schuetzius
1152 414 1262 463 quasi
1290 414 1440 463 spurias
1470 415 1658 465 excerpsit

242 483 313 522 str.
342 480 379 525 5,
411 480 446 524 6,
479 479 528 516 14
558 480 597 515 et
623 477 872 515 vv.-63—66
902 476 993 527 (age
1021 479 1060 514 te
1091 499 1139 503 —-
1169 478 1337 515 barbara
1355 477 1493 527 paelex)
1515 480 1553 515 et
1573 479 1656 515 ani-

238 558 329 583 ,mus
359 543 395 581 ei
422 541 635 587 inclinavit,
665 543 708 578 ut
737 541 854 578 etiam
882 543 950 578 str.
989 541 1051 587 12,
1089 542 1150 587 13,
1187 542 1234 579 15
1270 541 1452 588 abiceret,
1481 542 1514 579 si
1542 555 1659 591 prop-

244 612 305 647 ter
345 606 623 645 sententiarum
663 618 801 642 nexum
842 605 928 642 fieri
969 605 1106 654 potuit,
1149 605 1193 643 L.
1230 605 1394 643 Mueller
1423 607 1582 655 optavit,
1611 620 1659 644 ne

243 684 400 712 carmen
442 671 490 708 ab
532 669 692 707 Horatio
722 669 908 718 scriptum
943 673 1042 708 esset
1064 670 1106 719 ¹),
1142 673 1181 708 et
1208 670 1248 707 in
1277 672 1446 708 extrema
1474 671 1533 708 ed.
1564 670 1659 709 dicit

197 742 200 744 '
238 739 311 775 str.
357 736 403 772 11
448 734 552 771 haud
586 733 701 771 dubie
728 733 824 770 falso
854 746 935 771 esse
964 734 1159 779 insertam,
1190 735 1290 783 quod
1317 734 1503 784 languida
1533 737 1571 772 et
1599 735 1657 772 vi-

243 801 291 840 lis
319 800 382 838 sit.

298 864 399 909 Quid
427 863 512 909 tibi,
542 862 609 912 qui
636 862 779 913 legisti,
808 863 886 900 iam
913 863 1088 901 videtur?
1130 863 1236 901 Inter
1263 864 1333 901 has
1350 864 1656 902 doctissimorum

245 930 413 969 virorum
442 928 488 966 de
518 927 686 967 carmine
714 927 949 966 restituendo
978 928 1172 978 opiniones
1187 929 1260 966 tibi
1275 928 1397 967 libera
1413 929 1526 967 datur
1542 929 1655 979 optio,

245 997 288 1032 ut
317 1007 401 1031 eam
431 993 574 1042 elegas,
609 1005 694 1041 quae
728 992 801 1029 tibi
828 992 989 1029 maxime
1019 993 1198 1038 arrideat,
1229 995 1267 1030 et
1295 996 1454 1039 statuas,
1484 994 1578 1042 quid
1606 994 1655 1031 ab

248 1057 421 1104 Horatio,
465 1056 748 1106 elegantissimo
790 1058 903 1106 poeta
931 1070 1096 1103 romano,
1132 1057 1318 1106 scriptum
1345 1057 1408 1104 sit,
1437 1058 1577 1107 quidve
1606 1058 1656 1097 sit

243 1122 561 1171 interpolatorum
603 1134 696 1170 opus
737 1121 872 1158 inscite
914 1121 1059 1158 factum
1100 1121 1336 1169 (sonderbar,
1370 1122 1653 1168 tadelnswerth,

244 1184 521 1235 unertraglieh,
551 1174 852 1234 geschmacklos,
877 1184 1070 1230 verkehrt,
1091 1185 1296 1223 unendlich
1316 1188 1426 1231 matt,
1447 1186 1652 1236 anstossig,

243 1249 431 1299 lappisch‚
461 1249 643 1294 th6richt,
673 1248 854 1294 hasslich‚
883 1249 1105 1294 lacherlich,
1134 1249 1296 1295 Unsinn,
1312 1249 1435 1287 heller
1450 1250 1650 1296 Bffidsinn,

240 1326 330 1364 >quae
375 1313 501 1350 omnia
544 1327 565 1350 a
600 1312 742 1351 criticis
771 1313 848 1350 iam
877 1313 1178 1350 commemoratis
1208 1314 1253 1350 de
1283 1313 1353 1351 hoc
1383 1314 1551 1351 carmine
1579 1314 1653 1351 mi-

243 1392 326 1417 sero
370 1378 472 1416 dicta
513 1378 630 1427 sunt).
686 1377 877 1426 Equidem
910 1377 984 1414 nisi
1013 1378 1208 1415 crederem
1235 1380 1359 1415 totum
1387 1392 1542 1416 carmen
1571 1391 1653 1416 esse

243 1456 481 1492 germanum,
524 1441 841 1491 propensissimus
884 1454 1005 1478 essem
1039 1441 1087 1478 ad
1115 1441 1352 1490 sequendum
1385 1441 1652 1480 Hardovinum

245 1509 283 1545 et
307 1506 524 1544 Lehrsium.
579 1504 682 1543 Nam
708 1505 927 1555 fragmenta
955 1504 1103 1542 divulsa
1130 1505 1226 1542 mihi
1254 1519 1329 1542 non
1358 1505 1524 1555 placent.

372 1570 536 1608 Maxime
565 1570 797 1607 sudaverunt
825 1569 949 1607 critici
977 1569 1017 1606 in
1046 1569 1280 1619 explicando,
1311 1570 1495 1618 quomodo
1520 1570 1654 1608 fabula

244 1636 290 1674 de
319 1636 474 1685 Europa
501 1637 657 1672 narrata
686 1648 771 1672 cum
792 1634 858 1680 eis,
888 1647 973 1683 quae
990 1634 1035 1671 de
1057 1633 1219 1672 Galatea
1235 1634 1425 1680 dicuntur,
1451 1634 1653 1674 cohaereat.

244 1700 369 1745 Quum
393 1700 549 1748 Europa
573 1701 611 1736 et
632 1698 792 1736 Galatea
818 1699 920 1735 inter
943 1712 982 1735 se
999 1698 1163 1736 conferri
1179 1699 1232 1735 eis
1248 1698 1482 1744 viderentur,
1500 1713 1653 1749 compa-

242 1764 429 1802 rationem
456 1764 497 1801 in
525 1763 686 1814 singulis
715 1775 864 1813 quoque
907 1765 945 1800 et
973 1762 1238 1800 minutissimis
1267 1762 1383 1800 rebus
1412 1765 1543 1813 aptam
1572 1777 1654 1802 esse

242 1829 456 1875 voluerunt,
500 1829 599 1878 quod
640 1841 713 1866 non
754 1828 810 1864 ita
852 1830 921 1874 est,
951 1830 1006 1865 >ut
1049 1841 1177 1865 omnes
1207 1828 1351 1867 vident.
1409 1827 1494 1866 Sole
1524 1832 1654 1867 autem

242 1893 382 1931 clarius
412 1906 493 1931 esse
520 1895 612 1943 puto
655 1905 841 1930 summam
869 1892 1100 1930 sententiam
1129 1894 1167 1929 et
1195 1892 1422 1941 primarium
1447 1906 1653 1944 argumen-

241 1960 324 1996 tum
365 1959 406 1996 in
447 1958 578 1996 fabula
606 1958 742 2003 inesse,
772 1970 934 2006 quaeque
962 1957 1183 2006 praecedant
1212 1960 1363 1995 tantum
1390 1958 1565 2007 praebere
1593 1959 1653 1996 fa-

241 2023 342 2061 bulae
386 2023 631 2061 occasionem.
687 2021 742 2059 Ut
783 2034 884 2070 saepe
926 2020 1085 2058 Pindari
1132 2022 1389 2071 digressiones
1435 2023 1655 2072 mythorum

241 2086 365 2136 plenae
394 2087 532 2126 leviter
559 2085 816 2124 tantummodo
836 2099 881 2123 ea
901 2085 1111 2136 attingunt,
1129 2099 1214 2135 quae
1230 2086 1270 2123 in
1285 2087 1393 2125 initio
1411 2087 1589 2125 dicuntur
1609 2087 1653 2137 ²).

370 2152 429 2189 De
459 2151 595 2190 ceteris
624 2150 836 2200 permultis,
867 2163 952 2199 quae
980 2150 1177 2200 praecipue
1206 2165 1228 2188 a
1257 2151 1426 2189 Peerlc:o
1462 2154 1500 2188 et
1528 2151 1652 2189 Lehr-

234 2210 295 2253 ›sio
325 2219 456 2254 contra
485 2229 638 2254 carmen
666 2214 783 2252 allata
816 2217 917 2260 sunt,
946 2227 1022 2252 non
1052 2228 1175 2264 operae
1204 2216 1372 2265 pretium
1401 2215 1474 2254 erit
1502 2216 1542 2253 in
1571 2216 1650 2253 dis-

240 2281 479 2328 putationem
506 2279 669 2330 ingredi.
725 2278 829 2316 Nam
857 2279 1025 2329 exceptis
1054 2279 1259 2317 levissimis
1278 2280 1469 2318 nonnullis
1489 2279 1653 2318 Peerlc:i

243 2345 419 2395 argutiis,
463 2359 557 2396 quas
599 2343 778 2382 Luebker
811 2344 1069 2397 copiosissime
1099 2344 1329 2383 examinavit
1376 2347 1414 2382 et
1455 2344 1651 2392 refutavit,

234 2409 390 2460 reliqua
431 2410 614 2460 pleraque
644 2408 769 2447 onmia
798 2409 1020 2456 aestheticis,
1050 2423 1145 2459 quas
1173 2413 1321 2451 vocant.
1351 2410 1562 2448 rationibus
1591 2410 1651 2447 ni-

373 2548 394 2585 ¹)
418 2554 479 2581 Lit.
502 2554 582 2580 Hist.
606 2553 709 2586 Biogr.
737 2553 807 2580 126.

371 2600 394 2639 ²)
417 2607 494 2635 Vide
516 2615 582 2642 quae
606 2606 669 2634 dixi
692 2606 730 2634 ad
752 2607 809 2634 111:
837 2608 885 2640 11,
909 2615 978 2643 pag.
1004 2609 1053 2635 26.
