1768 2856
837 205 1020 263 —9'-

221 332 336 371 inser.
365 332 529 380 Aeacus,
563 346 654 384 pag.
683 334 747 380 35,
789 331 1103 383 interpolationes
1130 331 1328 370 universas
1355 344 1497 382 magna
1525 332 1635 370 can-

222 397 344 435 ditate
386 400 425 435 et
466 398 608 436 astutia
650 396 764 446 („mit
792 396 990 435 schlauem
1022 395 1160 444 Sinn‘)
1196 387 1278 433 esse
1306 395 1429 433 factas
1458 397 1564 441 dicit,
1592 400 1636 434 ut

222 461 406 499 sermonis
447 462 542 500 vitia
582 475 658 499 non
700 461 784 499 sint
813 459 1059 510 expectanda,
1101 460 1243 497 nedum
1270 472 1400 509 pravae
1437 460 1637 498 sententiae

222 524 417 575 („Unsinn
460 526 525 565 des
567 525 795 575 Inhaltes“)‚
839 524 943 563 idem
983 526 1113 562 tamen
1154 523 1500 562 innumerabilibus
1528 538 1638 574 paene

223 591 349 629 dicam
381 591 474 629 locis
507 590 654 628 nullam
688 589 942 628 calliditatem
975 602 1100 638 neque
1126 589 1268 629 ,bonam
1296 588 1539 635 sententiam,
1569 589 1636 626 sed

223 651 358 693 omnia
375 668 569 705 perversa,
600 654 779 695 absurda,
808 653 942 703 inepta
969 653 1075 691 videt
1103 652 1354 704 (bffidsinnig,
1385 653 1533 699 albern,
1563 667 1635 690 un-

224 719 364 769 sinnig,
407 718 601 763 verdreht‚
649 717 834 763 thoricht,
877 717 1100 763 lachernum
1131 717 1256 766 cet.).'
1290 717 1479 768 Magnum
1508 717 1638 755 convi-

223 783 368 821 ciorum
401 770 584 821 acervuni
610 795 630 819 e
658 781 768 819 libris
798 781 878 819 eius
908 781 1144 832 aliorumque
1173 782 1518 832 hypercriticorum
1546 795 1637 820 con-

223 860 358 897 gerere
400 846 556 896 poteris.
613 845 744 894 Atque
785 845 849 883 hic
884 846 1037 883 veniam
1064 847 1221 895 petendi
1248 846 1352 884 locus
1382 849 1452 893 est,
1482 847 1515 883 si
1543 847 1637 895 quid

217 923 292 961 pro
319 910 484 947 Horatio
513 909 643 947 dicens
673 908 846 959 asperius
875 908 1090 959 disputasse
1118 909 1260 953 videor,
1291 910 1391 961 quod
1420 924 1507 949 cum
1527 909 1582 949 eis
1602 910 1635 948 si

224 975 443 1020 contuleris,
473 988 559 1024 quae
588 974 656 1012 alii
684 978 815 1012 cont-ra
842 973 1049 1011 Horatium
1078 975 1264 1021 dixerunt,
1293 975 1393 1013 nihil
1421 975 1506 1012 erit.
1550 975 1636 1024 Hy-

222 1038 418 1088 percritici
448 1038 658 1076 doctissimi
685 1038 842 1076 fuerunt
870 1037 955 1084 viri,
985 1038 1051 1077 sed
1079 1052 1181 1077 sanae
1210 1039 1331 1077 menti
1350 1039 1528 1078 humanae
1548 1038 1635 1089 plus

222 1103 471 1141 tribuendum
505 1116 587 1141 esse
621 1102 718 1140 mihi
752 1116 977 1152 persuasum
1004 1102 1140 1149 habeo,
1170 1118 1285 1153 quam
1314 1104 1482 1141 omnium
1510 1103 1635 1141 homi-

222 1180 314 1203 num
343 1167 538 1204 doctrinae.
595 1166 713 1204 Crisis
741 1166 955 1211 horatiana,
984 1166 1017 1203 si
1037 1166 1348 1216 interpolationes
1367 1167 1508 1204 multas
1528 1167 1634 1211 istas,

224 1243 309 1279 quae
352 1229 476 1268 inesse
519 1230 738 1275 creduntur,
781 1231 942 1279 spectes,
984 1230 1130 1268 homini
1162 1233 1247 1280 post
1275 1230 1436 1268 nimium
1464 1230 1637 1269 laborem

228 1294 433 1340 „exhausta
461 1294 610 1331 utiliter
638 1293 836 1343 quaerendi
864 1294 1047 1331 materia“
1081 1294 1228 1332 insueto
1258 1295 1332 1332 otio
1362 1294 1577 1332 senescenti
1597 1297 1638 1332 et

226 1358 430 1409 aegrotanti
459 1358 595 1395 similis
624 1359 693 1395 est.
750 1357 813 1395 Ad
840 1357 960 1396 vitam
988 1358 1275 1396 sustentandam
1300 1358 1636 1409 valetudinemque

189 1422 196 1428 ”
223 1422 499 1460 restituendam
533 1436 669 1472 aspera
701 1422 870 1473 remedia
904 1422 1120 1460 adhibenda
1154 1426 1254 1460 sunt.
1316 1423 1527 1460 Multorum
1564 1437 1633 1460 au-

223 1488 303 1524 tem
331 1489 369 1524 et
385 1487 719 1525 celeberrimorum
737 1486 1017 1537 philologorum
1036 1500 1115 1525 mos
1137 1490 1205 1531 est,
1226 1489 1269 1525 ut
1288 1487 1637 1537 hypercriticorum

223 1551 482 1590 temeritatem
528 1551 759 1589 refutatione
805 1551 1005 1601 indignam
1045 1551 1226 1589 habeant.
1296 1551 1371 1589 Sed
1412 1551 1484 1589 tali
1525 1552 1636 1589 modo

226 1615 423 1653 doctorum
450 1616 618 1653 virorum
647 1615 860 1664 opinionem
889 1615 1040 1653 silentio
1069 1616 1229 1653 obruere
1259 1618 1297 1653 et
1327 1615 1541 1665 opprimere
1561 1628 1636 1652 non

224 1678 327 1718 licet.
385 1679 459 1725 Qui
492 1679 702 1718 rationibus
736 1681 924 1729 pugnant,
958 1679 1171 1718 rationibus
1206 1682 1244 1717 et
1278 1680 1516 1730 argumentis
1549 1680 1636 1717 vin-

225 1743 336 1781 cendi
365 1746 465 1781 sunt.
