1768 2856
1117 0 1121 4 .
1152 0 1195 20 ’.τᾳ
1209 0 1235 37 ’,ἲν
1244 2 1257 19 η
1265 0 1268 2 ’
1306 0 1315 8 ’
1327 0 1768 59 ᾗΛῃῇΝὶἻξῨξ-ἲῖζᾛῑωῆπῷμῇ

1160 65 1166 73 ,
1381 36 1390 41 ”
1452 35 1463 43 ·’
1488 42 1505 49 ²
1524 40 1538 61 ’τ
1560 32 1606 67 ’,”;ῑ’·’
1680 34 1768 78 (ε’,ᾱιὲῥῖῑςε

835 174 966 211 -70
997 195 1054 218 -,

222 280 372 326 tuntur,
402 292 487 330 quae
516 279 550 318 si
578 280 664 330 quis
693 280 865 320 refutare
893 281 1023 328 vellet,
1053 281 1134 336 dies
1163 282 1225 321 vel
1252 282 1477 334 longissima
1505 283 1667 325 defice-.
1694 318 1702 323 ,

223 346 295 391 ret,
338 358 464 396 neque
506 345 718 396 quidquam
759 346 976 397 proficeret,
1005 360 1095 385 nam
1124 346 1310 387 eiusmodi
1338 351 1439 396 srmt,
1468 351 1512 388 ut
1542 348 1656 388 futu-

224 424 290 448 rus
318 410 604 461 hypercriticus
634 411 711 449 alia
740 425 849 462 aeque
877 412 1000 450 multa
1028 413 1371 463 promere'possit.
1434 413 1645 461 „Sentias‚“

225 475 354 525 inquit
383 475 511 526 aliquo
539 475 620 514 loco
648 476 688 514 in
718 490 806 515 ann.
837 476 885 515 ad
912 476 985 516 hoc
1014 490 1169 516 carmen
1187 476 1349 524 Peerlc.,
1372 479 1519 530 „magis
1535 492 1658 530 quam

227 543 360 590 aperte
404 540 522 586 dicas,
553 554 621 579 cur
662 554 737 579 non
766 541 817 579 sit
844 541 1018 580 Horati.“
1079 541 1217 592 Neque
1245 544 1376 580 tamen
1405 543 1554 589 desunt,
1585 542 1652 593 qui

227 605 321 642 adeo
351 605 429 642 sint
456 605 644 655 plumbei,
674 608 718 643 ut
745 606 785 643 id
814 606 957 644 sentire
985 620 1061 645 non
1088 606 1248 657 possint.

550 679 609 718 De
639 681 819 731 gustibus
847 694 922 718 non
952 683 1011 719 est
1039 681 1324 731 disputandum.

357 754 434 794 Str.
480 756 502 794 6
547 756 665 794 etiam
707 755 926 794 Meinekius
969 756 1200 806 repudiavit,
1237 756 1337 806 quod
1367 756 1523 795 crudele
1552 760 1661 796 esset.

228 820 408 858 uxoribus
450 820 658 870 puerisque
700 820 969 858 innocentibus
1011 820 1156 859 malum
1189 820 1408 871 imprecari.
1464 820 1650 860 Horatius

228 887 360 923 tamen
401 898 533 923 vocem
574 898 710 923 umores
751 887 957 935 propterea
986 885 1174 932 adhibuit,
1204 886 1305 936 quod
1334 899 1489 925 carmen
1517 886 1566 924 ad
1593 886 1661 925 fe·-

228 950 374 986 minam
415 950 575 986 missum
618 952 686 995 est,
731 952 769 986 et
810 962 943 987 uxores
985 950 1173 1000 puerique
1214 963 1291 987 una
1324 949 1569 989 nominantur
1610 952 1663 989 ut-

230 1027 333 1064 saepe
363 1014 465 1065 apud
494 1027 640 1065 graecos
669 1019 839 1061 γν)ναῖκες
867 1015 931 1051 καὶ
961 1014 1103 1058 παῖδες.

361 1078 636 1116 calamitosum
665 1080 785 1116 cuivis
814 1079 982 1128 strophae
1013 1082 1070 1116 est
1099 1082 1137 1117 et
1151 1079 1419 1128 perniciosum,
1442 1079 1475 1116 si
1494 1079 1655 1129 reliquis

230 1156 305 1180 non
334 1142 445 1193 quasi
473 1145 727 1181 stramentum
755 1142 955 1193 implicata
985 1146 1054 1189 est,
1084 1143 1150 1181 sed
1178 1143 1259 1181 sine
1294 1145 1508 1181 ceterorum
1541 1143 1662 1182 ruina

231 1207 406 1246 abscindi
434 1210 572 1257 potest.
630 1208 818 1257 Separata
848 1208 950 1245 enim
980 1208 1028 1245 ad
1057 1221 1097 1245 se
1128 1208 1411 1245 defendendum
1438 1208 1564 1245 minus
1584 1222 1653 1245 va-

230 1270 297 1308 let.
353 1270 409 1309 Ut
451 1270 675 1310 Schuetzius
718 1273 787 1309 str.
820 1272 869 1309 14
899 1271 1014 1318 delet,
1050 1272 1170 1322 „quod
1199 1271 1281 1310 sine
1311 1271 1539 1311 difficultate
1569 1286 1654 1311 eam

233 1335 361 1375 delere
390 1336 544 1383 liceat“,
576 1339 614 1375 et
642 1339 709 1375 str.
742 1337 790 1375 12
822 1337 940 1375 etiam
974 1337 1155 1380 abiceret,
1185 1337 1217 1374 si
1250 1339 1408 1387 propter
1435 1351 1496 1375 vv.
1528 1338 1575 1375 71
1616 1340 1664 1375 et.

234 1400 283 1438 72
327 1401 413 1439 fieri
454 1404 594 1451 posset.
652 1401 757 1452 Ergo
800 1403 866 1439 str.
905 1402 953 1438 12
983 1401 1095 1439 venia
1123 1402 1213 1439 data
1240 1404 1383 1447 manet,
1413 1403 1480 1439 str.
1513 1402 1562 1439 14
1590 1415 1660 1440 re—

232 1467 419 1512 movetur,
450 1479 685 1516 quamquam
712 1466 796 1504 haec
825 1479 896 1515 per
924 1479 1068 1503 senon
1097 1466 1202 1515 peior
1231 1468 1289 1503 est
1317 1479 1433 1515 quam
1461 1465 1540 1504 illa.

369 1530 481 1576 „Sine
511 1530 665 1575 dubio“,
695 1530 822 1579 inquit
858 1529 1055 1578 Gruppius
1078 1530 1120 1577 ¹),
1156 1530 1472 1578 „reprehensione
1495 1530 1656 1579 dignum

234 1597 304 1639 est,
348 1595 381 1632 si
416 1594 501 1644 quis
530 1593 711 1631 remediis
740 1593 970 1631 restituendi
999 1593 1177 1631 carminis
1207 1593 1345 1632 oblatis
1374 1607 1449 1632 non
1477 1607 1567 1632 usus
1597 1607 1655 1640 ea,

233 1672 320 1709 quae
363 1673 500 1709 parum
542 1658 709 1708 placent,
745 1658 887 1696 delet“.
945 1657 1053 1702 Quod
1093 1671 1209 1707 quum
1244 1658 1486 1696 verissimum
1515 1658 1577 1703 sit,
1607 1672 1662 1708 *ne*

235 1724 454 1762 dubitemus
496 1723 534 1760 in
579 1737 613 1760 v.
659 1723 706 1759 41
751 1722 945 1760 Sanadoni
987 1721 1083 1759 coni.
1119 1735 1231 1772 quam
1259 1735 1327 1772 pro
1356 1734 1439 1773 quoe
1467 1722 1653 1773 recipere.

234 1787 355 1826 Miror
383 1790 526 1838 praeter
568 1786 612 1825 L.
643 1786 873 1825 Muellerum
894 1786 926 1835 2)
955 1786 1146 1824 neminem
1176 1786 1371 1833 editorem,
1402 1787 1468 1836 qui
1497 1787 1656 1837 quidem

233 1853 398 1903 insignis
427 1852 490 1897 sit,
522 1865 607 1889 eam
634 1852 811 1901 probare.
869 1850 1034 1888 Mutatio
1063 1864 1183 1900 parva
1214 1853 1283 1897 est,
1321 1864 1439 1900 quum
1467 1850 1538 1889 hoc
1567 1864 1655 1889 ver-

234 1917 327 1954 bum
355 1916 395 1954 in
424 1916 531 1954 codd.
556 1929 631 1965 per
661 1918 791 1953 notam
820 1914 1047 1964 plerumque
1075 1915 1261 1963 scriptum
1289 1915 1351 1959 sit,
1393 1917 1431 1952 et
1459 1915 1652 1952 sententia

235 1981 361 2019 minus
389 1980 434 2018 fit
462 1979 660 2029 languida.
718 1979 898 2016 Procellae
926 1991 1068 2023 vocem,
1098 1993 1133 2016 v.
1151 1979 1214 2024 62,
1240 1978 1280 2016 in
1300 1992 1376 2028 qua
1395 1978 1666 2029 intellegenda.

235 2045 465 2093 interpretes
508 2044 609 2081 curis
652 2057 762 2093 paene
797 2044 1019 2087 senuerunt,
1061 2042 1260 2092 Lysander
1301 2043 1356 2080 ita
1386 2043 1585 2089 convertit,
1615 2045 1662 2080 ut

235 2108 431 2158 significet
459 2108 693 2145 deiectionem
735 2106 1041 2155 (nedkastning),
1078 2120 1163 2155 quae
1192 2106 1249 2144 vis
1278 2106 1439 2143 mirifice
1467 2106 1563 2143 mihi
1593 2110 1662 2144 ar-‘

235 2172 347 2210 ridet.
405 2170 645 2209 Procellendi
674 2171 835 2209 verbum
865 2169 1054 2208 deiciendi
1082 2170 1160 2208 vim
1187 2170 1318 2216 habet,
1348 2173 1391 2208 ut
1409 2169 1536 2208 Plaut.
1572 2170 1661 2208 Mil„
1714 2179 1717 2182 ’

236 2236 292 2286 gl.
337 2237 374 2281 3,
420 2237 455 2280 1,
500 2236 592 2273 167:
629 2235 846 2284 procellunt
887 2246 924 2270 se
957 2238 990 2270 et
1012 2238 1260 2282 prosternunt
1287 2234 1491 2271 dimidiati.
1549 2233 1661 2278 Quod.

237 2312 355 2349 quum
383 2299 440 2336 ita
467 2298 530 2344 sit,
559 2298 658 2335 nihil
686 2297 874 2349 impedire
903 2296 1066 2344 videtur,
1102 2296 1303 2348 quominus
1332 2296 1516 2337 Horatius
1544 2299 1662 2349 poeta

237 2365 518 2414 verborumque
553 2365 753 2411 „novator“
788 2362 1071 2401 substantivum
1100 2363 1234 2401 eadem
1262 2363 1301 2401 vi
1330 2376 1516 2413 usurpare
1546 2365 1659 2411 potu—

372 2501 393 2538 ¹)
416 2506 505 2533 Aeac.
530 2507 602 2533 424.

370 2555 393 2592 ⁰)
417 2561 453 2586 In
476 2560 524 2587 ed.
548 2561 701 2594 germanis
725 2569 792 2587 ann.
817 2560 978 2587 instructa.
