1768 2856
759 154 833 207 ²—
865 179 913 219 17
945 202 994 206 —

180 293 388 343 promissor
429 290 493 337 (A.
528 289 572 325 P.
609 289 715 336 138),
755 289 927 337 provisor
969 287 1034 334 (A.
1064 286 1107 323 P.
1139 287 1245 334 164),
1288 287 1428 323 dilator
1456 287 1520 334 (A.
1549 287 1581 324 P

185 356 292 407 172),
322 356 460 394 risores
488 351 552 402 (A.
582 351 626 391 P.
656 351 751 402 225)
774 351 816 402 ¹).

308 420 437 456 Etiam
478 417 640 466 pluralis
681 417 806 453 forma
840 428 1012 452 mearum
1045 417 1315 451 sententiarum.
1344 415 1593 462 reprehendi-

179 469 254 523 tur.
309 481 574 522 Proximarum
616 478 719 519 enim
760 478 1005 531 stropharum
1046 477 1188 517 fabulae
1231 477 1357 517 nullas
1400 477 1596 518 continent

144 545 147 550 ’
177 548 388 586 sententias
423 546 602 594 (γνώμας)
638 548 676 582 et
703 545 745 582 111
772 544 942 593 stropha,
972 557 1058 592 quae
1086 544 1255 592 proxime
1285 544 1489 588 antecedit,
1519 557 1595 581 una

175 611 260 649 sola
289 611 390 649 inest
418 608 621 654 sententia,
642 620 759 657 quam
778 620 910 645 veram
930 619 1011 645 esse
1030 607 1264 644 centimanus
1284 606 1388 657 Gyas
1407 606 1455 655 (s.
1472 607 1594 658 yiyas,

178 666 296 727 quam
329 676 534 714 lectionem
563 673 765 722 archetypi
794 672 933 710 codicis
961 672 1065 710 haud
1094 672 1208 710 dubie
1237 672 1355 710 fuisse
1384 672 1518 710 Keller
1546 672 1595 709 ad

176 740 238 777 od.
267 738 317 776 II:
349 739 410 784 17,
434 738 484 775 14
514 736 692 785 ostendit)
721 738 934 773 monstrare
963 735 1088 773 debet.
1137 734 1212 773 Sed
1231 735 1392 785 pluralis
1412 748 1593 773 numerus

178 804 216 843 h.
250 804 277 843 l.
312 802 486 854 generali
519 801 559 839 vi
585 800 772 851 praeditus
802 814 884 839 esse
912 801 1076 846 videtur,
1120 800 1252 850 quales
1280 801 1450 850 plurales
1479 814 1591 838 usur-

177 869 330 916 pantur⁷
361 878 479 914 quum
508 865 556 901 ad
584 859 882 913 significandum
909 877 1031 913 genus
1058 866 1186 901 totum
1208 864 1360 913 insigne
1386 863 1500 901 huius
1519 876 1591 943 ge-

176 931 278 970 neris
308 928 540 987 exemplum
550 927 769 967 nominatur
788 927 831 979 2).

318 995 495 1043 Denique
538 994 670 1031 dicunt
707 1006 763 1038 ea,
807 1007 892 1042 quae
920 994 1092 1031 versibus
1122 994 1278 1031 65-68
1308 994 1588 1040 contineantur,

153 1058 348 1096 >versibus
391 1058 549 1095 42—64
578 1057 671 1094 satis
701 1057 947 1107 comprobata
976 1057 1274 1107 confirmataque
1309 1070 1403 1095 esse.
1473 1057 1586 1096 Hanc

177 1123 299 1173 igitur
323 1122 521 1171 stropham
542 1124 580 1159 et
608 1135 933 1171 supervacaneam
962 1135 1042 1160 esse
1072 1125 1109 1159 et
1136 1122 1338 1159 molestum
1357 1122 1502 1159 habere
1522 1136 1584 1160 re-

181 1186 305 1223 ditum
346 1186 395 1222 ad
437 1185 652 1222 absolutam
693 1185 770 1222 iam
804 1185 1009 1235 gigantum
1049 1185 1292 1223 mentionem.
1357 1184 1587 1223 Rectissime

174 1263 262 1287 vero
292 1249 513 1286 observavit
543 1249 726 1293 Dillenb.‚
747 1249 874 1286 'etiam
902 1249 934 1286 si
962 1249 1045 1286 haec
1073 1249 1232 1297 stropha
1260 1249 1496 1298 repudietur,
1526 1253 1587 1287 ta-

173 1326 262 1350 men
303 1315 448 1350 restare
491 1313 530 1349 in
572 1312 730 1362 reliquis
772 1312 938 1350 invisam
975 1313 1088 1350 istam
1122 1313 1326 1363 gigantum
1354 1313 1587 1352 mentionem

176 1376 340 1424 (Iniecta
369 1377 548 1414 monstris
577 1379 682 1414 terra
712 1376 814 1414 dolet
847 1377 938 1422 suis,
968 1377 1070 1424 cet).
1129 1377 1385 1421 Quamobrem
1413 1380 1482 1414 aut
1500 1377 1587 1416 haec

173 1440 332 1490 stropha
366 1441 567 1478 retinenda
602 1443 670 1487 est,
706 1443 774 1478 aut
807 1440 965 1490 reliquae
1000 1454 1149 1491 quoque
1178 1440 1218 1477 in
1247 1441 1408 1479 eandem
1437 1441 1587 1479 cladem

173 1504 371 1542 trahendae
405 1507 505 1542 sunt.
561 1504 804 1543 Testimoniis
834 1505 1066 1543 extrinsecus
1096 1505 1300 1554 assumptis
1330 1505 1488 1554 stropha
1517 1517 1585 1555 'op-

174 1567 279 1604 timis
306 1568 478 1606 fulcitur.
534 1568 676 1618 Porph.
707 1582 791 1606 eam
820 1569 936 1606 novit.
994 1568 1240 1606 Centimanus
1269 1568 1382 1618 gigas
1417 1582 1583 1606 comme-

173 1633 341 1669 moratus
379 1634 436 1670 est
471 1647 492 1669 a
520 1631 641 1670 Prisc.
671 1631 797 1670 XVII:
835 1633 908 1670 152
938 1632 1146 1669 Horatius:
1174 1633 1275 1678 testis
1303 1645 1469 1669 mearum
1500 1646 1584 1670 sen-

175 1697 396 1744 tentiarum;
438 1696 488 1734 id.
519 1696 590 1734 VI:
623 1697 673 1734 84
713 1696 830 1734 Orion
865 1709 980 1746 quum
1012 1697 1116 1733 vellet
1144 1709 1228 1733 cum
1255 1696 1388 1733 Diana
1416 1710 1585 1734 concum-

175 1759 266 1807 bere,
288 1764 330 1797 ut
348 1760 537 1797 Horatius
557 1762 623 1809 ait,
647 1762 726 1798 eius
745 1762 883 1810 saqe'tta
903 1762 1046 1797 occisus
1065 1764 1128 1797 est.
1171 1759 1310 1797 Horati
1329 1761 1447 1797 verba
1467 1761 1585 1798 etiam

174 1822 328 1861 exhibet
373 1823 478 1861 Serv.
523 1824 570 1861 ad
612 1824 709 1862 Aen.
745 1823 774 1862 I:
818 1825 907 1862 535.
964 1823 1100 1873 Itaque
1129 1823 1234 1861 Serv.
1266 1826 1304 1861 et
1331 1823 1450 1862 Prisc.
1481 1838 1582 1874 prae-

173 1888 430 1925 stantissimus
476 1890 637 1938 uterque
685 1888 959 1939 grammaticus
1007 1890 1045 1925 et
1091 1888 1338 1937 antiquarum
1383 1888 1585 1926 literarum

172 1952 406 1991 existimator
433 1952 662 2003 intellegens
692 1951 832 1990 diserte
860 1955 1052 1990 testantur
1080 1952 1277 2002 stropham
1306 1966 1390 1990 esse
1429 1952 1582 1999 Horati,

176 2029 220 2052 ac
248 2029 296 2053 ne
325 2017 569 2066 suspicantur
590 2017 745 2066 quidem
774 2031 859 2054 eam
888 2030 968 2054 esse
997 2017 1179 2065 spuriam.
1232 2016 1486 2061 Quamobrem
1514 2030 1582 2054 ne-

171 2080 249 2117 scio
279 2094 328 2117 an
356 2081 418 2127 sit,
448 2081 548 2130 quod
576 2094 623 2118 ne
652 2094 719 2119 nos
748 2081 903 2131 quidem
932 2094 1016 2118 eam
1044 2094 1279 2130 spernamus.

307 2208 361 2245 Hi
389 2211 477 2246 sunt
505 2209 717 2259 primarum
745 2222 808 2247 sex
838 2209 995 2246 odarum
1022 2207 1106 2253 loci,
1137 2222 1229 2257 quos
1249 2208 1435 2245 moderati
1455 2208 1580 2246 critici

171 2271 212 2307 in
245 2272 405 2309 dubium
438 2275 679 2310 vocaverunt.
743 2272 1004 2322 Hypercritici
1037 2285 1124 2309 vero
1162 2285 1358 2320 quousque
1387 2272 1581 2321 progressi

172 2334 260 2379 sint,
304 2335 382 2372 iam
424 2335 682 2385 cognovimus.
740 2335 841 2381 Quos
869 2335 909 2372 in
937 2335 1129 2372 levissima
1158 2348 1309 2384 quaque
1338 2348 1379 2372 re
1404 2335 1582 2374 refellere

262 2440 282 2477 ¹)
305 2446 383 2474 Vide
405 2447 513 2474 Waltz.
537 2455 606 2482 pag.
632 2449 681 2474 66.

261 2493 282 2531 ²)
310 2500 453 2533 „Solcher
480 2501 655 2533 Ansichten‚
691 2502 774 2528 einer
802 2501 927 2528 Ansicht
956 2501 1011 2527 wie
1040 2501 1089 2527 ich
1112 2501 1156 2527 sie
1178 2501 1246 2528 hier
1269 2501 1447 2535 aufgestellt
1471 2498 1581 2534 habe“,

169 2551 284 2580 Nauck.
330 2555 390 2581 Cfr.
415 2555 471 2582 111:
498 2556 525 2587 ὅ,
552 2556 587 2581 52
614 2555 742 2587 reditus,
766 2555 823 2582 111:
849 2556 899 2587 27,
924 2556 963 2581 38
987 2555 1149 2588 virgiuum,
1174 2557 1231 2581 cet.

1434 2609 1450 2635 2
