<?xml version="1.0" encoding="UTF-8"?>
<!DOCTYPE html PUBLIC "-//W3C//DTD XHTML 1.0 Transitional//EN"
    "http://www.w3.org/TR/xhtml1/DTD/xhtml1-transitional.dtd">
<html xmlns="http://www.w3.org/1999/xhtml" xml:lang="en" lang="en">
 <head>
  <title>
</title>
<meta http-equiv="Content-Type" content="text/html;charset=utf-8" />
  <meta name='ocr-system' content='tesseract 3.04.00' />
  <meta name='ocr-capabilities' content='ocr_page ocr_carea ocr_par ocr_line ocrx_word'/>
</head>
<body>
  <div class='ocr_page' id='page_1' title='image "4737356_0052.png"; bbox 0 0 1768 2856; ppageno 0'>
   <div class='ocr_carea' id='block_1_1' title="bbox 831 158 1041 195">
    <p class='ocr_par' dir='ltr' id='par_1_1' title="bbox 831 158 1041 195">
     <span class='ocr_line' id='line_1_1' title="bbox 831 158 1041 195; baseline 0 -11"><span class='ocrx_word' id='word_1_1' title='bbox 831 158 1041 195; x_wconf 48' lang='lat'>„44—</span> 
     </span>
    </p>
   </div>
   <div class='ocr_carea' id='block_1_2' title="bbox 220 265 1651 961">
    <p class='ocr_par' dir='ltr' id='par_1_2' title="bbox 220 265 1647 833">
     <span class='ocr_line' id='line_1_2' title="bbox 220 265 1645 317; baseline 0.001 -14"><span class='ocrx_word' id='word_1_2' title='bbox 220 267 279 303; x_wconf 90' lang='lat' dir='ltr'>est</span> <span class='ocrx_word' id='word_1_3' title='bbox 316 282 366 296; x_wconf 93' lang='lat'>=</span> <span class='ocrx_word' id='word_1_4' title='bbox 402 265 463 304; x_wconf 90' lang='lat' dir='ltr'>die</span> <span class='ocrx_word' id='word_1_5' title='bbox 497 265 614 316; x_wconf 86' lang='lat' dir='ltr'>lange</span> <span class='ocrx_word' id='word_1_6' title='bbox 643 265 882 316; x_wconf 87' lang='lat' dir='ltr'>Erfahrung,</span> <span class='ocrx_word' id='word_1_7' title='bbox 926 268 999 304; x_wconf 87' lang='lat' dir='ltr'>cet.</span> <span class='ocrx_word' id='word_1_8' title='bbox 1070 265 1232 304; x_wconf 85' lang='lat' dir='ltr'><strong>Flaccus</strong></span> <span class='ocrx_word' id='word_1_9' title='bbox 1260 268 1389 305; x_wconf 85' lang='lat' dir='ltr'>noster</span> <span class='ocrx_word' id='word_1_10' title='bbox 1417 266 1645 317; x_wconf 86' lang='lat' dir='ltr'>stupuisset,</span> 
     </span>
     <span class='ocr_line' id='line_1_3' title="bbox 220 330 1646 382; baseline 0.001 -14"><span class='ocrx_word' id='word_1_11' title='bbox 220 330 305 381; x_wconf 88' lang='lat' dir='ltr'>ipse</span> <span class='ocrx_word' id='word_1_12' title='bbox 334 330 367 368; x_wconf 84' lang='lat' dir='ltr'>si</span> <span class='ocrx_word' id='word_1_13' title='bbox 397 330 651 382; x_wconf 73' lang='lat' dir='ltr'>cognovisset,</span> <span class='ocrx_word' id='word_1_14' title='bbox 681 344 799 381; x_wconf 86' lang='lat' dir='ltr'>quam</span> <span class='ocrx_word' id='word_1_15' title='bbox 826 330 979 369; x_wconf 90' lang='lat' dir='ltr'>subtilis</span> <span class='ocrx_word' id='word_1_16' title='bbox 1008 330 1199 381; x_wconf 81' lang='lat' dir='ltr'>sapientia</span> <span class='ocrx_word' id='word_1_17' title='bbox 1226 330 1267 369; x_wconf 92' lang='lat' dir='ltr'>in</span> <span class='ocrx_word' id='word_1_18' title='bbox 1288 331 1521 370; x_wconf 82' lang='lat' dir='ltr'>carminibus</span> <span class='ocrx_word' id='word_1_19' title='bbox 1540 330 1646 371; x_wconf 78' lang='lat' dir='ltr'>ioco-</span> 
     </span>
     <span class='ocr_line' id='line_1_4' title="bbox 220 395 1644 446; baseline 0.001 -13"><span class='ocrx_word' id='word_1_20' title='bbox 220 395 273 433; x_wconf 90' lang='lat' dir='ltr'>sis</span> <span class='ocrx_word' id='word_1_21' title='bbox 307 395 460 434; x_wconf 87' lang='lat' dir='ltr'>lateret.</span> <span class='ocrx_word' id='word_1_22' title='bbox 517 395 649 433; x_wconf 87' lang='lat' dir='ltr'>Etiam</span> <span class='ocrx_word' id='word_1_23' title='bbox 684 395 731 434; x_wconf 90' lang='lat' dir='ltr'>de</span> <span class='ocrx_word' id='word_1_24' title='bbox 765 395 993 446; x_wconf 70' lang='lat' dir='ltr'>praestantia</span> <span class='ocrx_word' id='word_1_25' title='bbox 1027 395 1207 434; x_wconf 82' lang='lat' dir='ltr'>carminis</span> <span class='ocrx_word' id='word_1_26' title='bbox 1235 408 1379 446; x_wconf 84' lang='lat' dir='ltr'>magna</span> <span class='ocrx_word' id='word_1_27' title='bbox 1408 397 1466 434; x_wconf 89' lang='lat' dir='ltr'>est</span> <span class='ocrx_word' id='word_1_28' title='bbox 1496 395 1644 446; x_wconf 90' lang='lat' dir='ltr'>opinio-</span> 
     </span>
     <span class='ocr_line' id='line_1_5' title="bbox 221 459 1647 510; baseline 0 -12"><span class='ocrx_word' id='word_1_29' title='bbox 221 473 315 498; x_wconf 88' lang='lat' dir='ltr'>num</span> <span class='ocrx_word' id='word_1_30' title='bbox 344 459 575 498; x_wconf 75' lang='lat' dir='ltr'>differentia.</span> <span class='ocrx_word' id='word_1_31' title='bbox 638 459 857 499; x_wconf 85' lang='lat' dir='ltr'>Duentzero</span> <span class='ocrx_word' id='word_1_32' title='bbox 885 460 968 499; x_wconf 86' lang='lat' dir='ltr'>haec</span> <span class='ocrx_word' id='word_1_33' title='bbox 998 459 1067 498; x_wconf 86' lang='lat' dir='ltr'>ode</span> <span class='ocrx_word' id='word_1_34' title='bbox 1095 459 1357 510; x_wconf 80' lang='lat' dir='ltr'>pulcherrima</span> <span class='ocrx_word' id='word_1_35' title='bbox 1386 462 1424 499; x_wconf 91' lang='lat' dir='ltr'>et</span> <span class='ocrx_word' id='word_1_36' title='bbox 1452 460 1647 499; x_wconf 89' lang='lat' dir='ltr'>rotundis-</span> 
     </span>
     <span class='ocr_line' id='line_1_6' title="bbox 221 524 1647 576; baseline 0.001 -14"><span class='ocrx_word' id='word_1_37' title='bbox 221 524 319 562; x_wconf 86' lang='lat' dir='ltr'>sima</span> <span class='ocrx_word' id='word_1_38' title='bbox 355 538 437 562; x_wconf 90' lang='lat' dir='ltr'>esse</span> <span class='ocrx_word' id='word_1_39' title='bbox 466 524 631 570; x_wconf 87' lang='lat' dir='ltr'>videtur,</span> <span class='ocrx_word' id='word_1_40' title='bbox 667 525 853 564; x_wconf 89' lang='lat' dir='ltr'>Lehrsius</span> <span class='ocrx_word' id='word_1_41' title='bbox 881 525 1026 563; x_wconf 85' lang='lat' dir='ltr'>malum</span> <span class='ocrx_word' id='word_1_42' title='bbox 1054 525 1227 574; x_wconf 89' lang='lat' dir='ltr'>imperiti</span> <span class='ocrx_word' id='word_1_43' title='bbox 1257 527 1296 563; x_wconf 90' lang='lat' dir='ltr'>et</span> <span class='ocrx_word' id='word_1_44' title='bbox 1324 525 1451 576; x_wconf 85' lang='lat' dir='ltr'>ignari</span> <span class='ocrx_word' id='word_1_45' title='bbox 1480 525 1647 563; x_wconf 87' lang='lat' dir='ltr'>hominis</span> 
     </span>
     <span class='ocr_line' id='line_1_7' title="bbox 226 588 1647 640; baseline 0.001 -15"><span class='ocrx_word' id='word_1_46' title='bbox 226 602 320 639; x_wconf 90' lang='lat' dir='ltr'>opus</span> <span class='ocrx_word' id='word_1_47' title='bbox 350 602 432 626; x_wconf 88' lang='lat' dir='ltr'>esse</span> <span class='ocrx_word' id='word_1_48' title='bbox 462 591 587 639; x_wconf 86' lang='lat' dir='ltr'>putat,</span> <span class='ocrx_word' id='word_1_49' title='bbox 621 588 770 627; x_wconf 90' lang='lat' dir='ltr'>Peerlc.</span> <span class='ocrx_word' id='word_1_50' title='bbox 800 589 994 627; x_wconf 89' lang='lat' dir='ltr'>neminem</span> <span class='ocrx_word' id='word_1_51' title='bbox 1022 588 1194 639; x_wconf 87' lang='lat' dir='ltr'>Augusti</span> <span class='ocrx_word' id='word_1_52' title='bbox 1222 589 1349 627; x_wconf 88' lang='lat' dir='ltr'>aetatis</span> <span class='ocrx_word' id='word_1_53' title='bbox 1379 591 1533 640; x_wconf 88' lang='lat' dir='ltr'>poetam</span> <span class='ocrx_word' id='word_1_54' title='bbox 1562 602 1647 627; x_wconf 86' lang='lat' dir='ltr'>eam</span> 
     </span>
     <span class='ocr_line' id='line_1_8' title="bbox 223 653 1646 704; baseline 0.001 -13"><span class='ocrx_word' id='word_1_55' title='bbox 223 653 445 704; x_wconf 74' lang='lat' dir='ltr'>agniturum</span> <span class='ocrx_word' id='word_1_56' title='bbox 474 654 594 692; x_wconf 86' lang='lat' dir='ltr'>fuisse</span> <span class='ocrx_word' id='word_1_57' title='bbox 624 654 760 693; x_wconf 85' lang='lat' dir='ltr'>credit.</span> <span class='ocrx_word' id='word_1_58' title='bbox 822 653 867 692; x_wconf 91' lang='lat' dir='ltr'>In</span> <span class='ocrx_word' id='word_1_59' title='bbox 896 656 1005 692; x_wconf 86' lang='lat' dir='ltr'>tanta</span> <span class='ocrx_word' id='word_1_60' title='bbox 1034 653 1268 692; x_wconf 82' lang='lat' dir='ltr'>dissensione</span> <span class='ocrx_word' id='word_1_61' title='bbox 1296 654 1425 693; x_wconf 81' lang='lat' dir='ltr'>facere</span> <span class='ocrx_word' id='word_1_62' title='bbox 1453 667 1529 693; x_wconf 88' lang='lat' dir='ltr'>non</span> <span class='ocrx_word' id='word_1_63' title='bbox 1556 668 1646 704; x_wconf 87' lang='lat' dir='ltr'>pos-</span> 
     </span>
     <span class='ocr_line' id='line_1_9' title="bbox 222 717 1647 767; baseline 0.001 -13"><span class='ocrx_word' id='word_1_64' title='bbox 222 731 365 765; x_wconf 84' lang='lat' dir='ltr'>sumus,</span> <span class='ocrx_word' id='word_1_65' title='bbox 396 718 490 767; x_wconf 90' lang='lat' dir='ltr'>quin</span> <span class='ocrx_word' id='word_1_66' title='bbox 519 731 622 755; x_wconf 87' lang='lat' dir='ltr'>sanae</span> <span class='ocrx_word' id='word_1_67' title='bbox 648 718 771 755; x_wconf 87' lang='lat' dir='ltr'>menti</span> <span class='ocrx_word' id='word_1_68' title='bbox 790 718 974 756; x_wconf 85' lang='lat' dir='ltr'>maiorem</span> <span class='ocrx_word' id='word_1_69' title='bbox 995 731 1110 767; x_wconf 86' lang='lat' dir='ltr'>quam</span> <span class='ocrx_word' id='word_1_70' title='bbox 1130 717 1248 755; x_wconf 84' lang='lat' dir='ltr'>variis</span> <span class='ocrx_word' id='word_1_71' title='bbox 1269 717 1487 756; x_wconf 78' lang='lat' dir='ltr'>criticorum</span> <span class='ocrx_word' id='word_1_72' title='bbox 1509 731 1647 767; x_wconf 87' lang='lat' dir='ltr'>quam-</span> 
     </span>
     <span class='ocr_line' id='line_1_10' title="bbox 222 781 1335 833; baseline 0 -13"><span class='ocrx_word' id='word_1_73' title='bbox 222 782 280 821; x_wconf 87' lang='lat' dir='ltr'>vis</span> <span class='ocrx_word' id='word_1_74' title='bbox 310 782 507 821; x_wconf 87' lang='lat' dir='ltr'>doctorum</span> <span class='ocrx_word' id='word_1_75' title='bbox 537 781 779 833; x_wconf 90' lang='lat' dir='ltr'>opinionibus</span> <span class='ocrx_word' id='word_1_76' title='bbox 810 783 1078 821; x_wconf 87' lang='lat' dir='ltr'>auctoritatem</span> <span class='ocrx_word' id='word_1_77' title='bbox 1106 781 1335 820; x_wconf 84' lang='lat' dir='ltr'>tribuamus.</span> 
     </span>
    </p>

    <p class='ocr_par' dir='ltr' id='par_1_3' title="bbox 228 846 1651 961">
     <span class='ocr_line' id='line_1_11' title="bbox 353 846 1647 896; baseline 0 -12"><span class='ocrx_word' id='word_1_78' title='bbox 353 847 477 891; x_wconf 82' lang='lat' dir='ltr'>Quam</span> <span class='ocrx_word' id='word_1_79' title='bbox 520 846 552 884; x_wconf 89' lang='lat' dir='ltr'>si</span> <span class='ocrx_word' id='word_1_80' title='bbox 596 847 842 895; x_wconf 76' lang='lat' dir='ltr'>consulimus,</span> <span class='ocrx_word' id='word_1_81' title='bbox 886 850 1062 896; x_wconf 87' lang='lat' dir='ltr'>apertum</span> <span class='ocrx_word' id='word_1_82' title='bbox 1098 849 1155 884; x_wconf 91' lang='lat' dir='ltr'>est</span> <span class='ocrx_word' id='word_1_83' title='bbox 1184 860 1338 884; x_wconf 84' lang='lat' dir='ltr'>carmen</span> <span class='ocrx_word' id='word_1_84' title='bbox 1368 860 1450 884; x_wconf 89' lang='lat' dir='ltr'>esse</span> <span class='ocrx_word' id='word_1_85' title='bbox 1478 847 1647 885; x_wconf 87' lang='lat' dir='ltr'>iocosum</span> 
     </span>
     <span class='ocr_line' id='line_1_12' title="bbox 228 909 1651 961; baseline 0.001 -13"><span class='ocrx_word' id='word_1_86' title='bbox 228 913 267 948; x_wconf 92' lang='lat' dir='ltr'>et</span> <span class='ocrx_word' id='word_1_87' title='bbox 308 910 373 949; x_wconf 90' lang='lat' dir='ltr'>hic</span> <span class='ocrx_word' id='word_1_88' title='bbox 415 913 458 948; x_wconf 83' lang='lat' dir='ltr'>ut</span> <span class='ocrx_word' id='word_1_89' title='bbox 500 909 597 948; x_wconf 88' lang='lat' dir='ltr'>alias</span> <span class='ocrx_word' id='word_1_90' title='bbox 625 910 766 949; x_wconf 85' lang='lat' dir='ltr'>Horati</span> <span class='ocrx_word' id='word_1_91' title='bbox 794 924 944 949; x_wconf 83' lang='lat' dir='ltr'>musam</span> <span class='ocrx_word' id='word_1_92' title='bbox 974 924 1054 949; x_wconf 85' lang='lat' dir='ltr'>esse</span> <span class='ocrx_word' id='word_1_93' title='bbox 1084 910 1405 956; x_wconf 86' lang='lat' dir='ltr'>venustissimam,</span> <span class='ocrx_word' id='word_1_94' title='bbox 1436 924 1553 961; x_wconf 90' lang='lat' dir='ltr'>quum</span> <span class='ocrx_word' id='word_1_95' title='bbox 1582 913 1651 950; x_wconf 88' lang='lat' dir='ltr'>aut</span> 
     </span>
    </p>
   </div>
   <div class='ocr_carea' id='block_1_3' title="bbox 223 974 1709 1099">
    <p class='ocr_par' dir='ltr' id='par_1_4' title="bbox 223 974 1709 1099">
     <span class='ocr_line' id='line_1_13' title="bbox 223 974 1709 1025; baseline 0 -12"><span class='ocrx_word' id='word_1_96' title='bbox 223 975 262 1013; x_wconf 92' lang='lat' dir='ltr'>in</span> <span class='ocrx_word' id='word_1_97' title='bbox 291 989 395 1014; x_wconf 88' lang='lat' dir='ltr'>mero</span> <span class='ocrx_word' id='word_1_98' title='bbox 424 975 505 1013; x_wconf 87' lang='lat' dir='ltr'>ioco</span> <span class='ocrx_word' id='word_1_99' title='bbox 536 978 603 1013; x_wconf 90' lang='lat' dir='ltr'>aut</span> <span class='ocrx_word' id='word_1_100' title='bbox 631 976 670 1013; x_wconf 92' lang='lat' dir='ltr'>in</span> <span class='ocrx_word' id='word_1_101' title='bbox 700 975 792 1014; x_wconf 88' lang='lat' dir='ltr'>iocis</span> <span class='ocrx_word' id='word_1_102' title='bbox 822 989 909 1014; x_wconf 91' lang='lat' dir='ltr'>cum</span> <span class='ocrx_word' id='word_1_103' title='bbox 938 976 1048 1013; x_wconf 87' lang='lat' dir='ltr'>seriis</span> <span class='ocrx_word' id='word_1_104' title='bbox 1076 975 1274 1025; x_wconf 88' lang='lat' dir='ltr'>permixtis</span> <span class='ocrx_word' id='word_1_105' title='bbox 1305 977 1489 1013; x_wconf 87' lang='lat' dir='ltr'>versetur.</span> <span class='ocrx_word' id='word_1_106' title='bbox 1551 974 1647 1013; x_wconf 82' lang='lat' dir='ltr'>Post</span> <span class='ocrx_word' id='word_1_107' title='bbox 1700 981 1709 991; x_wconf 73' lang='lat'><strong><em>‘</em></strong></span> 
     </span>
     <span class='ocr_line' id='line_1_14' title="bbox 226 1039 1703 1099; baseline 0.001 -22"><span class='ocrx_word' id='word_1_108' title='bbox 226 1040 392 1077; x_wconf 87' lang='lat' dir='ltr'>iocosam</span> <span class='ocrx_word' id='word_1_109' title='bbox 436 1040 579 1078; x_wconf 87' lang='lat' dir='ltr'>exordii</span> <span class='ocrx_word' id='word_1_110' title='bbox 613 1053 795 1090; x_wconf 81' lang='lat' dir='ltr'>pompam</span> <span class='ocrx_word' id='word_1_111' title='bbox 824 1040 1000 1090; x_wconf 82' lang='lat' dir='ltr'>sequitur</span> <span class='ocrx_word' id='word_1_112' title='bbox 1029 1042 1313 1090; x_wconf 84' lang='lat' dir='ltr'>argumentum,</span> <span class='ocrx_word' id='word_1_113' title='bbox 1343 1039 1443 1090; x_wconf 91' lang='lat' dir='ltr'>quod</span> <span class='ocrx_word' id='word_1_114' title='bbox 1472 1039 1543 1078; x_wconf 87' lang='lat' dir='ltr'>hoc</span> <span class='ocrx_word' id='word_1_115' title='bbox 1572 1042 1648 1099; x_wconf 77' lang='lat' dir='ltr'>est:</span> <span class='ocrx_word' id='word_1_116' title='bbox 1699 1084 1703 1090; x_wconf 77' lang='lat'>,</span> 
     </span>
    </p>
   </div>
   <div class='ocr_carea' id='block_1_4' title="bbox 224 1104 1651 2568">
    <p class='ocr_par' dir='ltr' id='par_1_5' title="bbox 224 1104 1651 2568">
     <span class='ocr_line' id='line_1_15' title="bbox 224 1104 1651 1155; baseline 0 -13"><span class='ocrx_word' id='word_1_117' title='bbox 224 1104 361 1143; x_wconf 84' lang='lat' dir='ltr'>Cornix</span> <span class='ocrx_word' id='word_1_118' title='bbox 404 1105 556 1155; x_wconf 85' lang='lat' dir='ltr'>pluvias</span> <span class='ocrx_word' id='word_1_119' title='bbox 599 1119 683 1143; x_wconf 88' lang='lat' dir='ltr'>cras</span> <span class='ocrx_word' id='word_1_120' title='bbox 725 1107 907 1143; x_wconf 84' lang='lat' dir='ltr'>venturas</span> <span class='ocrx_word' id='word_1_121' title='bbox 950 1105 1195 1143; x_wconf 82' lang='lat' dir='ltr'>vaticinatur.</span> <span class='ocrx_word' id='word_1_122' title='bbox 1251 1104 1416 1143; x_wconf 89' lang='lat' dir='ltr'>Proinde</span> <span class='ocrx_word' id='word_1_123' title='bbox 1460 1118 1563 1150; x_wconf 89' lang='lat' dir='ltr'>cura,</span> <span class='ocrx_word' id='word_1_124' title='bbox 1605 1106 1651 1142; x_wconf 91' lang='lat' dir='ltr'>ut</span> 
     </span>
     <span class='ocr_line' id='line_1_16' title="bbox 224 1168 1648 1219; baseline 0 -13"><span class='ocrx_word' id='word_1_125' title='bbox 224 1168 375 1219; x_wconf 82' lang='lat' dir='ltr'>lignum</span> <span class='ocrx_word' id='word_1_126' title='bbox 413 1168 563 1206; x_wconf 89' lang='lat' dir='ltr'>aridum</span> <span class='ocrx_word' id='word_1_127' title='bbox 591 1169 750 1214; x_wconf 80' lang='lat' dir='ltr'>habeas,</span> <span class='ocrx_word' id='word_1_128' title='bbox 794 1182 884 1206; x_wconf 89' lang='lat' dir='ltr'>nam</span> <span class='ocrx_word' id='word_1_129' title='bbox 914 1182 998 1207; x_wconf 85' lang='lat' dir='ltr'>cras</span> <span class='ocrx_word' id='word_1_130' title='bbox 1027 1168 1125 1206; x_wconf 91' lang='lat' dir='ltr'>nihil</span> <span class='ocrx_word' id='word_1_131' title='bbox 1155 1168 1259 1206; x_wconf 90' lang='lat' dir='ltr'>aliud</span> <span class='ocrx_word' id='word_1_132' title='bbox 1287 1171 1330 1206; x_wconf 89' lang='lat' dir='ltr'>tu</span> <span class='ocrx_word' id='word_1_133' title='bbox 1358 1168 1492 1219; x_wconf 91' lang='lat' dir='ltr'>tuique</span> <span class='ocrx_word' id='word_1_134' title='bbox 1520 1168 1648 1207; x_wconf 85' lang='lat' dir='ltr'>facere</span> 
     </span>
     <span class='ocr_line' id='line_1_17' title="bbox 225 1233 1650 1283; baseline 0 -12"><span class='ocrx_word' id='word_1_135' title='bbox 225 1233 403 1283; x_wconf 86' lang='lat' dir='ltr'>poteritis</span> <span class='ocrx_word' id='word_1_136' title='bbox 438 1247 554 1283; x_wconf 85' lang='lat' dir='ltr'>quam</span> <span class='ocrx_word' id='word_1_137' title='bbox 583 1234 790 1272; x_wconf 83' lang='lat' dir='ltr'>convivari.</span> <span class='ocrx_word' id='word_1_138' title='bbox 848 1233 888 1272; x_wconf 85' lang='lat' dir='ltr'>Si</span> <span class='ocrx_word' id='word_1_139' title='bbox 919 1233 1054 1271; x_wconf 83' lang='lat' dir='ltr'>Lamia</span> <span class='ocrx_word' id='word_1_140' title='bbox 1084 1234 1267 1283; x_wconf 84' lang='lat' dir='ltr'>ambages</span> <span class='ocrx_word' id='word_1_141' title='bbox 1296 1233 1551 1283; x_wconf 86' lang='lat' dir='ltr'>interpretari</span> <span class='ocrx_word' id='word_1_142' title='bbox 1579 1247 1650 1283; x_wconf 88' lang='lat' dir='ltr'>po-</span> 
     </span>
     <span class='ocr_line' id='line_1_18' title="bbox 225 1297 1649 1347; baseline 0 -12"><span class='ocrx_word' id='word_1_143' title='bbox 225 1297 313 1343; x_wconf 89' lang='lat' dir='ltr'>tuit,</span> <span class='ocrx_word' id='word_1_144' title='bbox 344 1298 532 1336; x_wconf 82' lang='lat' dir='ltr'>intellexit</span> <span class='ocrx_word' id='word_1_145' title='bbox 560 1300 714 1347; x_wconf 88' lang='lat' dir='ltr'>poetam</span> <span class='ocrx_word' id='word_1_146' title='bbox 743 1298 994 1347; x_wconf 82' lang='lat' dir='ltr'>semetipsum</span> <span class='ocrx_word' id='word_1_147' title='bbox 1014 1297 1062 1334; x_wconf 87' lang='lat' dir='ltr'>ad</span> <span class='ocrx_word' id='word_1_148' title='bbox 1083 1310 1242 1335; x_wconf 87' lang='lat' dir='ltr'>caenam</span> <span class='ocrx_word' id='word_1_149' title='bbox 1260 1297 1455 1343; x_wconf 79' lang='lat' dir='ltr'>invitasse,</span> <span class='ocrx_word' id='word_1_150' title='bbox 1486 1297 1526 1335; x_wconf 88' lang='lat' dir='ltr'>id</span> <span class='ocrx_word' id='word_1_151' title='bbox 1546 1297 1649 1347; x_wconf 88' lang='lat' dir='ltr'>quod</span> 
     </span>
     <span class='ocr_line' id='line_1_19' title="bbox 225 1361 1649 1413; baseline 0 -13"><span class='ocrx_word' id='word_1_152' title='bbox 225 1362 371 1401; x_wconf 81' lang='lat' dir='ltr'>Lamiae</span> <span class='ocrx_word' id='word_1_153' title='bbox 401 1362 483 1400; x_wconf 87' lang='lat' dir='ltr'>sine</span> <span class='ocrx_word' id='word_1_154' title='bbox 514 1362 628 1400; x_wconf 83' lang='lat' dir='ltr'>dubio</span> <span class='ocrx_word' id='word_1_155' title='bbox 657 1365 814 1413; x_wconf 87' lang='lat' dir='ltr'>gratum</span> <span class='ocrx_word' id='word_1_156' title='bbox 843 1365 938 1401; x_wconf 86' lang='lat' dir='ltr'>erat.</span> <span class='ocrx_word' id='word_1_157' title='bbox 982 1361 1065 1400; x_wconf 90' lang='lat' dir='ltr'>Hoc</span> <span class='ocrx_word' id='word_1_158' title='bbox 1094 1361 1300 1400; x_wconf 88' lang='lat' dir='ltr'>Horatium</span> <span class='ocrx_word' id='word_1_159' title='bbox 1319 1361 1485 1400; x_wconf 89' lang='lat' dir='ltr'>voluisse</span> <span class='ocrx_word' id='word_1_160' title='bbox 1508 1362 1649 1412; x_wconf 88' lang='lat' dir='ltr'>optimo</span> 
     </span>
     <span class='ocr_line' id='line_1_20' title="bbox 226 1427 1649 1477; baseline 0.001 -13"><span class='ocrx_word' id='word_1_161' title='bbox 226 1427 309 1465; x_wconf 89' lang='lat' dir='ltr'>iure</span> <span class='ocrx_word' id='word_1_162' title='bbox 340 1427 514 1465; x_wconf 87' lang='lat' dir='ltr'>conicere</span> <span class='ocrx_word' id='word_1_163' title='bbox 543 1427 647 1473; x_wconf 87' lang='lat' dir='ltr'>licet,</span> <span class='ocrx_word' id='word_1_164' title='bbox 678 1441 796 1477; x_wconf 88' lang='lat' dir='ltr'>quum</span> <span class='ocrx_word' id='word_1_165' title='bbox 824 1427 924 1464; x_wconf 90' lang='lat' dir='ltr'>nihil</span> <span class='ocrx_word' id='word_1_166' title='bbox 953 1427 999 1464; x_wconf 86' lang='lat' dir='ltr'>de</span> <span class='ocrx_word' id='word_1_167' title='bbox 1029 1440 1156 1472; x_wconf 87' lang='lat' dir='ltr'>causa,</span> <span class='ocrx_word' id='word_1_168' title='bbox 1188 1440 1255 1465; x_wconf 91' lang='lat' dir='ltr'>cur</span> <span class='ocrx_word' id='word_1_169' title='bbox 1276 1440 1429 1465; x_wconf 89' lang='lat' dir='ltr'>carmen</span> <span class='ocrx_word' id='word_1_170' title='bbox 1449 1427 1649 1473; x_wconf 89' lang='lat' dir='ltr'>scriberet,</span> 
     </span>
     <span class='ocr_line' id='line_1_21' title="bbox 224 1491 1648 1542; baseline 0.001 -14"><span class='ocrx_word' id='word_1_171' title='bbox 224 1491 419 1529; x_wconf 62' lang='lat' dir='ltr'>memoriae</span> <span class='ocrx_word' id='word_1_172' title='bbox 449 1492 643 1542; x_wconf 82' lang='lat' dir='ltr'>proditum</span> <span class='ocrx_word' id='word_1_173' title='bbox 672 1492 734 1537; x_wconf 88' lang='lat' dir='ltr'>sit,</span> <span class='ocrx_word' id='word_1_174' title='bbox 765 1492 798 1529; x_wconf 89' lang='lat' dir='ltr'>si</span> <span class='ocrx_word' id='word_1_175' title='bbox 827 1491 896 1529; x_wconf 87' lang='lat' dir='ltr'>tali</span> <span class='ocrx_word' id='word_1_176' title='bbox 927 1492 1036 1529; x_wconf 82' lang='lat' dir='ltr'>modo</span> <span class='ocrx_word' id='word_1_177' title='bbox 1066 1491 1203 1529; x_wconf 90' lang='lat' dir='ltr'>melius</span> <span class='ocrx_word' id='word_1_178' title='bbox 1224 1491 1415 1541; x_wconf 86' lang='lat' dir='ltr'>explicare</span> <span class='ocrx_word' id='word_1_179' title='bbox 1435 1505 1648 1542; x_wconf 87' lang='lat' dir='ltr'>possumus.</span> 
     </span>
     <span class='ocr_line' id='line_1_22' title="bbox 225 1554 1646 1605; baseline 0 -12"><span class='ocrx_word' id='word_1_180' title='bbox 225 1554 285 1593; x_wconf 85' lang='lat' dir='ltr'>Ita</span> <span class='ocrx_word' id='word_1_181' title='bbox 329 1556 510 1593; x_wconf 77' lang='lat' dir='ltr'>carminis</span> <span class='ocrx_word' id='word_1_182' title='bbox 554 1557 781 1601; x_wconf 83' lang='lat' dir='ltr'>oeconomia,</span> <span class='ocrx_word' id='word_1_183' title='bbox 825 1559 868 1593; x_wconf 86' lang='lat' dir='ltr'>ut</span> <span class='ocrx_word' id='word_1_184' title='bbox 897 1556 951 1593; x_wconf 88' lang='lat' dir='ltr'>ita</span> <span class='ocrx_word' id='word_1_185' title='bbox 981 1556 1118 1601; x_wconf 88' lang='lat' dir='ltr'>dicam,</span> <span class='ocrx_word' id='word_1_186' title='bbox 1156 1555 1260 1593; x_wconf 86' lang='lat' dir='ltr'>clara</span> <span class='ocrx_word' id='word_1_187' title='bbox 1290 1558 1328 1592; x_wconf 91' lang='lat' dir='ltr'>et</span> <span class='ocrx_word' id='word_1_188' title='bbox 1356 1556 1561 1605; x_wconf 89' lang='lat' dir='ltr'>perspicua</span> <span class='ocrx_word' id='word_1_189' title='bbox 1589 1557 1646 1594; x_wconf 90' lang='lat' dir='ltr'>fit.</span> 
     </span>
     <span class='ocr_line' id='line_1_23' title="bbox 226 1618 1647 1670; baseline 0.002 -14"><span class='ocrx_word' id='word_1_190' title='bbox 226 1619 487 1657; x_wconf 85' lang='lat' dir='ltr'>Difficultates</span> <span class='ocrx_word' id='word_1_191' title='bbox 517 1620 556 1657; x_wconf 92' lang='lat' dir='ltr'>in</span> <span class='ocrx_word' id='word_1_192' title='bbox 585 1620 739 1669; x_wconf 83' lang='lat' dir='ltr'>spinosa</span> <span class='ocrx_word' id='word_1_193' title='bbox 770 1622 808 1657; x_wconf 89' lang='lat' dir='ltr'>et</span> <span class='ocrx_word' id='word_1_194' title='bbox 837 1622 1008 1658; x_wconf 83' lang='lat' dir='ltr'>contorta</span> <span class='ocrx_word' id='word_1_195' title='bbox 1028 1619 1285 1669; x_wconf 89' lang='lat' dir='ltr'>interpretum</span> <span class='ocrx_word' id='word_1_196' title='bbox 1306 1618 1558 1669; x_wconf 85' lang='lat' dir='ltr'>explicatione</span> <span class='ocrx_word' id='word_1_197' title='bbox 1578 1634 1647 1670; x_wconf 89' lang='lat' dir='ltr'>po-</span> 
     </span>
     <span class='ocr_line' id='line_1_24' title="bbox 226 1683 1648 1733; baseline 0.001 -12"><span class='ocrx_word' id='word_1_198' title='bbox 226 1683 311 1721; x_wconf 85' lang='lat' dir='ltr'>sitae</span> <span class='ocrx_word' id='word_1_199' title='bbox 340 1686 442 1721; x_wconf 82' lang='lat' dir='ltr'>sunt.</span> <span class='ocrx_word' id='word_1_200' title='bbox 500 1683 624 1722; x_wconf 83' lang='lat' dir='ltr'>Fuere</span> <span class='ocrx_word' id='word_1_201' title='bbox 660 1684 774 1729; x_wconf 90' lang='lat' dir='ltr'>enim,</span> <span class='ocrx_word' id='word_1_202' title='bbox 819 1684 884 1733; x_wconf 90' lang='lat' dir='ltr'>qui</span> <span class='ocrx_word' id='word_1_203' title='bbox 915 1684 1128 1729; x_wconf 83' lang='lat' dir='ltr'>crederent,</span> <span class='ocrx_word' id='word_1_204' title='bbox 1172 1683 1318 1721; x_wconf 85' lang='lat' dir='ltr'>Lamiae</span> <span class='ocrx_word' id='word_1_205' title='bbox 1348 1683 1449 1721; x_wconf 90' lang='lat' dir='ltr'>diem</span> <span class='ocrx_word' id='word_1_206' title='bbox 1477 1684 1648 1722; x_wconf 88' lang='lat' dir='ltr'>natalem</span> 
     </span>
     <span class='ocr_line' id='line_1_25' title="bbox 225 1747 1649 1798; baseline 0.001 -13"><span class='ocrx_word' id='word_1_207' title='bbox 225 1748 289 1786; x_wconf 90' lang='lat' dir='ltr'>hic</span> <span class='ocrx_word' id='word_1_208' title='bbox 319 1748 385 1796; x_wconf 77' lang='lat' dir='ltr'>agi</span> <span class='ocrx_word' id='word_1_209' title='bbox 414 1747 692 1798; x_wconf 81' lang='lat' dir='ltr'>(Dillenburg.‚</span> <span class='ocrx_word' id='word_1_210' title='bbox 723 1748 806 1797; x_wconf 80' lang='lat' dir='ltr'>alii)</span> <span class='ocrx_word' id='word_1_211' title='bbox 838 1748 897 1786; x_wconf 89' lang='lat' dir='ltr'>vel</span> <span class='ocrx_word' id='word_1_212' title='bbox 927 1747 1029 1785; x_wconf 86' lang='lat' dir='ltr'>diem</span> <span class='ocrx_word' id='word_1_213' title='bbox 1060 1747 1234 1785; x_wconf 83' lang='lat' dir='ltr'>omnibus</span> <span class='ocrx_word' id='word_1_214' title='bbox 1259 1748 1425 1785; x_wconf 88' lang='lat' dir='ltr'>romanis</span> <span class='ocrx_word' id='word_1_215' title='bbox 1444 1748 1586 1786; x_wconf 89' lang='lat' dir='ltr'>festum</span> <span class='ocrx_word' id='word_1_216' title='bbox 1605 1751 1649 1786; x_wconf 93' lang='lat' dir='ltr'>ut</span> 
     </span>
     <span class='ocr_line' id='line_1_26' title="bbox 226 1811 1647 1861; baseline 0.001 -12"><span class='ocrx_word' id='word_1_217' title='bbox 226 1811 447 1850; x_wconf 84' lang='lat' dir='ltr'>Saturnalia</span> <span class='ocrx_word' id='word_1_218' title='bbox 489 1812 741 1861; x_wconf 87' lang='lat' dir='ltr'>(Meinekius)</span> <span class='ocrx_word' id='word_1_219' title='bbox 771 1812 832 1850; x_wconf 90' lang='lat' dir='ltr'>vel</span> <span class='ocrx_word' id='word_1_220' title='bbox 861 1812 1003 1850; x_wconf 87' lang='lat' dir='ltr'>festum</span> <span class='ocrx_word' id='word_1_221' title='bbox 1032 1813 1116 1860; x_wconf 87' lang='lat' dir='ltr'>post</span> <span class='ocrx_word' id='word_1_222' title='bbox 1144 1811 1296 1850; x_wconf 87' lang='lat' dir='ltr'>condita</span> <span class='ocrx_word' id='word_1_223' title='bbox 1323 1812 1517 1850; x_wconf 89' lang='lat' dir='ltr'>frumenta</span> <span class='ocrx_word' id='word_1_224' title='bbox 1546 1812 1647 1851; x_wconf 88' lang='lat' dir='ltr'>cele-</span> 
     </span>
     <span class='ocr_line' id='line_1_27' title="bbox 227 1876 1648 1926; baseline 0.001 -12"><span class='ocrx_word' id='word_1_225' title='bbox 227 1877 418 1914; x_wconf 85' lang='lat' dir='ltr'>brandum</span> <span class='ocrx_word' id='word_1_226' title='bbox 448 1876 622 1925; x_wconf 81' lang='lat' dir='ltr'>(Ritter),</span> <span class='ocrx_word' id='word_1_227' title='bbox 652 1890 738 1926; x_wconf 83' lang='lat' dir='ltr'>quae</span> <span class='ocrx_word' id='word_1_228' title='bbox 769 1877 895 1914; x_wconf 89' lang='lat' dir='ltr'>omnia</span> <span class='ocrx_word' id='word_1_229' title='bbox 924 1890 1107 1926; x_wconf 86' lang='lat' dir='ltr'>perversa</span> <span class='ocrx_word' id='word_1_230' title='bbox 1135 1878 1236 1921; x_wconf 88' lang='lat' dir='ltr'>sunt,</span> <span class='ocrx_word' id='word_1_231' title='bbox 1265 1889 1355 1913; x_wconf 87' lang='lat' dir='ltr'>nam</span> <span class='ocrx_word' id='word_1_232' title='bbox 1386 1876 1425 1925; x_wconf 90' lang='lat'>1)</span> <span class='ocrx_word' id='word_1_233' title='bbox 1453 1890 1528 1914; x_wconf 88' lang='lat' dir='ltr'>non</span> <span class='ocrx_word' id='word_1_234' title='bbox 1557 1891 1648 1915; x_wconf 84' lang='lat' dir='ltr'>con·-</span> 
     </span>
     <span class='ocr_line' id='line_1_28' title="bbox 227 1939 1648 1990; baseline 0.001 -13"><span class='ocrx_word' id='word_1_235' title='bbox 227 1940 387 1978; x_wconf 88' lang='lat' dir='ltr'>veniunt</span> <span class='ocrx_word' id='word_1_236' title='bbox 408 1954 494 1978; x_wconf 83' lang='lat' dir='ltr'>cum</span> <span class='ocrx_word' id='word_1_237' title='bbox 514 1940 642 1978; x_wconf 86' lang='lat' dir='ltr'>verbis</span> <span class='ocrx_word' id='word_1_238' title='bbox 656 1954 772 1990; x_wconf 79' lang='lat' dir='ltr'>porco</span> <span class='ocrx_word' id='word_1_239' title='bbox 791 1940 996 1989; x_wconf 70' lang='lat' dir='ltr'>lu‘nmzstri,</span> <span class='ocrx_word' id='word_1_240' title='bbox 1017 1939 1117 1989; x_wconf 85' lang='lat' dir='ltr'>quod</span> <span class='ocrx_word' id='word_1_241' title='bbox 1137 1939 1283 1977; x_wconf 85' lang='lat' dir='ltr'>romani</span> <span class='ocrx_word' id='word_1_242' title='bbox 1304 1940 1438 1978; x_wconf 85' lang='lat' dir='ltr'>diebus</span> <span class='ocrx_word' id='word_1_243' title='bbox 1453 1941 1648 1979; x_wconf 86' lang='lat' dir='ltr'>natalibus</span> 
     </span>
     <span class='ocr_line' id='line_1_29' title="bbox 227 2003 1647 2055; baseline 0.001 -13"><span class='ocrx_word' id='word_1_244' title='bbox 227 2004 458 2043; x_wconf 86' lang='lat' dir='ltr'>immolando</span> <span class='ocrx_word' id='word_1_245' title='bbox 489 2004 749 2051; x_wconf 84' lang='lat' dir='ltr'>abstinebant,</span> <span class='ocrx_word' id='word_1_246' title='bbox 779 2004 821 2054; x_wconf 86' lang='lat'>2)</span> <span class='ocrx_word' id='word_1_247' title='bbox 850 2004 1052 2050; x_wconf 79' lang='lat' dir='ltr'>nescimus,</span> <span class='ocrx_word' id='word_1_248' title='bbox 1082 2003 1174 2054; x_wconf 89' lang='lat' dir='ltr'>quid</span> <span class='ocrx_word' id='word_1_249' title='bbox 1203 2003 1420 2054; x_wconf 86' lang='lat' dir='ltr'>pluviarum</span> <span class='ocrx_word' id='word_1_250' title='bbox 1449 2005 1647 2055; x_wconf 77' lang='lat' dir='ltr'>praedictio</span> 
     </span>
     <span class='ocr_line' id='line_1_30' title="bbox 230 2068 1647 2119; baseline 0.001 -14"><span class='ocrx_word' id='word_1_251' title='bbox 230 2068 294 2106; x_wconf 90' lang='lat' dir='ltr'>hic</span> <span class='ocrx_word' id='word_1_252' title='bbox 315 2068 390 2106; x_wconf 90' lang='lat' dir='ltr'>sibi</span> <span class='ocrx_word' id='word_1_253' title='bbox 411 2068 517 2113; x_wconf 87' lang='lat' dir='ltr'>velit,</span> <span class='ocrx_word' id='word_1_254' title='bbox 547 2082 637 2106; x_wconf 85' lang='lat' dir='ltr'>nam</span> <span class='ocrx_word' id='word_1_255' title='bbox 657 2069 805 2113; x_wconf 82' lang='lat' dir='ltr'>Lamia,</span> <span class='ocrx_word' id='word_1_256' title='bbox 836 2069 895 2106; x_wconf 87' lang='lat' dir='ltr'>vir</span> <span class='ocrx_word' id='word_1_257' title='bbox 914 2069 980 2106; x_wconf 92' lang='lat' dir='ltr'>ille</span> <span class='ocrx_word' id='word_1_258' title='bbox 999 2068 1272 2114; x_wconf 86' lang='lat' dir='ltr'>nobilissimus,</span> <span class='ocrx_word' id='word_1_259' title='bbox 1301 2068 1383 2106; x_wconf 91' lang='lat' dir='ltr'>sine</span> <span class='ocrx_word' id='word_1_260' title='bbox 1403 2069 1517 2107; x_wconf 87' lang='lat' dir='ltr'>dubio</span> <span class='ocrx_word' id='word_1_261' title='bbox 1538 2083 1647 2119; x_wconf 89' lang='lat' dir='ltr'>spre-</span> 
     </span>
     <span class='ocr_line' id='line_1_31' title="bbox 226 2132 1648 2178; baseline 0.001 -9"><span class='ocrx_word' id='word_1_262' title='bbox 226 2132 277 2170; x_wconf 85' lang='lat' dir='ltr'>tis</span> <span class='ocrx_word' id='word_1_263' title='bbox 321 2132 511 2170; x_wconf 86' lang='lat' dir='ltr'>imbribus</span> <span class='ocrx_word' id='word_1_264' title='bbox 555 2132 657 2170; x_wconf 91' lang='lat' dir='ltr'>diem</span> <span class='ocrx_word' id='word_1_265' title='bbox 698 2132 867 2170; x_wconf 90' lang='lat' dir='ltr'>natalem</span> <span class='ocrx_word' id='word_1_266' title='bbox 911 2132 1082 2170; x_wconf 86' lang='lat' dir='ltr'>convivio</span> <span class='ocrx_word' id='word_1_267' title='bbox 1119 2132 1352 2176; x_wconf 84' lang='lat' dir='ltr'>celebrabat,</span> <span class='ocrx_word' id='word_1_268' title='bbox 1387 2132 1462 2171; x_wconf 90' lang='lat' dir='ltr'>nisi</span> <span class='ocrx_word' id='word_1_269' title='bbox 1492 2133 1648 2178; x_wconf 74' lang='lat' dir='ltr'>credere</span> 
     </span>
     <span class='ocr_line' id='line_1_32' title="bbox 226 2196 1647 2247; baseline 0.001 -13"><span class='ocrx_word' id='word_1_270' title='bbox 226 2196 322 2234; x_wconf 87' lang='lat' dir='ltr'>velis</span> <span class='ocrx_word' id='word_1_271' title='bbox 357 2196 395 2235; x_wconf 89' lang='lat' dir='ltr'>id</span> <span class='ocrx_word' id='word_1_272' title='bbox 430 2197 594 2234; x_wconf 89' lang='lat' dir='ltr'>maxime</span> <span class='ocrx_word' id='word_1_273' title='bbox 629 2196 835 2246; x_wconf 87' lang='lat' dir='ltr'>Horatium</span> <span class='ocrx_word' id='word_1_274' title='bbox 863 2199 1069 2247; x_wconf 84' lang='lat' dir='ltr'>spectasse,</span> <span class='ocrx_word' id='word_1_275' title='bbox 1104 2198 1147 2234; x_wconf 90' lang='lat' dir='ltr'>ut</span> <span class='ocrx_word' id='word_1_276' title='bbox 1175 2196 1351 2234; x_wconf 89' lang='lat' dir='ltr'>Lamiam</span> <span class='ocrx_word' id='word_1_277' title='bbox 1379 2200 1551 2235; x_wconf 87' lang='lat' dir='ltr'>moneret</span> <span class='ocrx_word' id='word_1_278' title='bbox 1578 2211 1647 2235; x_wconf 93' lang='lat' dir='ltr'>ne-</span> 
     </span>
     <span class='ocr_line' id='line_1_33' title="bbox 227 2260 1648 2310; baseline -0.001 -12"><span class='ocrx_word' id='word_1_279' title='bbox 227 2260 436 2298; x_wconf 84' lang='lat' dir='ltr'>cessarium</span> <span class='ocrx_word' id='word_1_280' title='bbox 479 2274 561 2298; x_wconf 89' lang='lat' dir='ltr'>esse</span> <span class='ocrx_word' id='word_1_281' title='bbox 604 2261 753 2310; x_wconf 84' lang='lat' dir='ltr'>lignum</span> <span class='ocrx_word' id='word_1_282' title='bbox 797 2261 947 2298; x_wconf 84' lang='lat' dir='ltr'>aridum</span> <span class='ocrx_word' id='word_1_283' title='bbox 981 2274 1214 2310; x_wconf 76' lang='lat' dir='ltr'>praeparare,</span> <span class='ocrx_word' id='word_1_284' title='bbox 1258 2260 1358 2309; x_wconf 85' lang='lat' dir='ltr'>quod</span> <span class='ocrx_word' id='word_1_285' title='bbox 1395 2263 1526 2299; x_wconf 89' lang='lat' dir='ltr'>tamen</span> <span class='ocrx_word' id='word_1_286' title='bbox 1554 2260 1648 2298; x_wconf 88' lang='lat' dir='ltr'>satis</span> 
     </span>
     <span class='ocr_line' id='line_1_34' title="bbox 227 2324 1647 2376; baseline 0 -14"><span class='ocrx_word' id='word_1_287' title='bbox 227 2324 340 2362; x_wconf 79' lang='lat' dir='ltr'>futile</span> <span class='ocrx_word' id='word_1_288' title='bbox 382 2324 535 2363; x_wconf 87' lang='lat' dir='ltr'>videtur</span> <span class='ocrx_word' id='word_1_289' title='bbox 579 2327 617 2363; x_wconf 88' lang='lat' dir='ltr'>et</span> <span class='ocrx_word' id='word_1_290' title='bbox 650 2325 836 2376; x_wconf 85' lang='lat' dir='ltr'>ligneum,</span> <span class='ocrx_word' id='word_1_291' title='bbox 880 2324 1083 2376; x_wconf 82' lang='lat' dir='ltr'>(Gruppio,</span> <span class='ocrx_word' id='word_1_292' title='bbox 1127 2324 1194 2375; x_wconf 92' lang='lat' dir='ltr'>qui</span> <span class='ocrx_word' id='word_1_293' title='bbox 1222 2327 1291 2363; x_wconf 82' lang='lat' dir='ltr'>str.</span> <span class='ocrx_word' id='word_1_294' title='bbox 1321 2326 1345 2363; x_wconf 87' lang='lat'><strong>3</strong></span> <span class='ocrx_word' id='word_1_295' title='bbox 1371 2324 1525 2371; x_wconf 88' lang='lat' dir='ltr'>delevit,</span> <span class='ocrx_word' id='word_1_296' title='bbox 1555 2337 1647 2376; x_wconf 82' lang='lat' dir='ltr'>gra-</span> 
     </span>
     <span class='ocr_line' id='line_1_35' title="bbox 227 2388 1649 2439; baseline 0 -13"><span class='ocrx_word' id='word_1_297' title='bbox 227 2391 307 2426; x_wconf 84' lang='lat' dir='ltr'>tam</span> <span class='ocrx_word' id='word_1_298' title='bbox 351 2389 503 2427; x_wconf 88' lang='lat' dir='ltr'>delendi</span> <span class='ocrx_word' id='word_1_299' title='bbox 547 2404 700 2428; x_wconf 86' lang='lat' dir='ltr'>causam</span> <span class='ocrx_word' id='word_1_300' title='bbox 744 2390 929 2428; x_wconf 82' lang='lat' dir='ltr'>eiusmodi</span> <span class='ocrx_word' id='word_1_301' title='bbox 964 2390 1165 2439; x_wconf 86' lang='lat' dir='ltr'>explicatio</span> <span class='ocrx_word' id='word_1_302' title='bbox 1202 2390 1405 2439; x_wconf 86' lang='lat' dir='ltr'>praeberet.</span> <span class='ocrx_word' id='word_1_303' title='bbox 1462 2388 1551 2439; x_wconf 90' lang='lat' dir='ltr'>Ipse</span> <span class='ocrx_word' id='word_1_304' title='bbox 1581 2401 1649 2427; x_wconf 89' lang='lat' dir='ltr'>cur</span> 
     </span>
     <span class='ocr_line' id='line_1_36' title="bbox 227 2452 1647 2503; baseline -0.001 -13"><span class='ocrx_word' id='word_1_305' title='bbox 227 2452 283 2490; x_wconf 89' lang='lat' dir='ltr'>ita</span> <span class='ocrx_word' id='word_1_306' title='bbox 339 2453 497 2499; x_wconf 88' lang='lat' dir='ltr'>faceret,</span> <span class='ocrx_word' id='word_1_307' title='bbox 554 2453 652 2491; x_wconf 91' lang='lat' dir='ltr'>nihil</span> <span class='ocrx_word' id='word_1_308' title='bbox 710 2453 870 2502; x_wconf 76' lang='lat' dir='ltr'>attulit),</span> <span class='ocrx_word' id='word_1_309' title='bbox 927 2454 968 2503; x_wconf 81' lang='lat'>3)</span> <span class='ocrx_word' id='word_1_310' title='bbox 1017 2452 1153 2491; x_wconf 86' lang='lat' dir='ltr'>Lamia</span> <span class='ocrx_word' id='word_1_311' title='bbox 1197 2453 1308 2492; x_wconf 92' lang='lat' dir='ltr'>homo</span> <span class='ocrx_word' id='word_1_312' title='bbox 1357 2455 1457 2491; x_wconf 88' lang='lat' dir='ltr'>esset</span> <span class='ocrx_word' id='word_1_313' title='bbox 1504 2452 1647 2498; x_wconf 76' lang='lat' dir='ltr'>fatuus,</span> 
     </span>
     <span class='ocr_line' id='line_1_37' title="bbox 228 2515 1648 2568; baseline 0 -12"><span class='ocrx_word' id='word_1_314' title='bbox 228 2518 373 2568; x_wconf 88' lang='lat' dir='ltr'>quippe</span> <span class='ocrx_word' id='word_1_315' title='bbox 416 2532 531 2568; x_wconf 88' lang='lat' dir='ltr'>quem</span> <span class='ocrx_word' id='word_1_316' title='bbox 573 2532 728 2557; x_wconf 88' lang='lat' dir='ltr'>necesse</span> <span class='ocrx_word' id='word_1_317' title='bbox 764 2521 865 2557; x_wconf 89' lang='lat' dir='ltr'>esset</span> <span class='ocrx_word' id='word_1_318' title='bbox 894 2519 940 2557; x_wconf 88' lang='lat' dir='ltr'>de</span> <span class='ocrx_word' id='word_1_319' title='bbox 970 2518 1031 2556; x_wconf 93' lang='lat' dir='ltr'>die</span> <span class='ocrx_word' id='word_1_320' title='bbox 1062 2518 1237 2556; x_wconf 87' lang='lat' dir='ltr'>omnibus</span> <span class='ocrx_word' id='word_1_321' title='bbox 1265 2518 1432 2556; x_wconf 87' lang='lat' dir='ltr'>romanis</span> <span class='ocrx_word' id='word_1_322' title='bbox 1461 2518 1559 2556; x_wconf 87' lang='lat' dir='ltr'>festo</span> <span class='ocrx_word' id='word_1_323' title='bbox 1586 2515 1648 2556; x_wconf 84' lang='lat' dir='ltr'>vel</span> 
     </span>
    </p>
   </div>
   <div class='ocr_carea' id='block_1_5' title="bbox 1569 0 1768 118">
    <p class='ocr_par' dir='ltr' id='par_1_6' title="bbox 1569 0 1768 118">
     <span class='ocr_line' id='line_1_38' title="bbox 1569 0 1768 118; baseline 0 2738"><span class='ocrx_word' id='word_1_324' title='bbox 1569 0 1768 118; x_wconf 95' lang='lat' dir='ltr'> </span> 
     </span>
    </p>
   </div>
  </div>
 </body>
</html>
