1768 2856
801 164 1011 202 -62-

325 268 435 314 Quod
463 269 495 307 si
525 269 624 308 clavi
652 270 822 308 trabales
850 270 891 308 in
919 270 949 310 I:
981 272 1031 310 35
1061 275 1150 311 sunt
1178 273 1447 321 instrumenta,
1476 275 1668 328 quibusff
1694 250 1701 284 γ’

194 334 476 383 torquebantur
505 336 543 372 et
570 334 810 373 necabantur
838 335 1124 375 sceleratissimi
1152 337 1339 385 homines,
1369 339 1430 377 vix
1459 341 1518 378 est
1546 340 1620 378 du-

194 398 314 444 bium,
344 399 438 449 quin
466 398 506 436 in
534 397 604 436 III:
635 399 687 436 24
716 398 817 437 clavi
846 400 1084 438 adamantini
1112 401 1152 441 in
1182 402 1345 440 eundem
1369 403 1487 442 finem
1505 417 1619 442 usur-

193 466 348 513 pentur,
380 466 418 501 et
445 463 653 501 necessitas
681 476 807 513 neque
837 467 896 502 est
919 469 1063 515 praetor
1081 479 1206 515 neque
1222 466 1478 513 *aedificiorum
1492 470 1620 507 struc-

194 530 254 566 tor
295 528 363 566 sed
404 527 516 566 lictor
544 541 574 565 8.
618 527 800 566 carnifex.
858 528 951 574 Quae
985 542 1046 567 res
1074 529 1107 568 si
1135 529 1192 568 ita
1219 543 1260 569 se
1288 530 1420 578 habet,
1449 532 1615 571 vertices

194 593 416 642 significant
443 593 609 631 vertices
637 593 824 631 humanos
852 594 933 632 sive
962 594 1102 644 capita⁷
1133 608 1218 643 quae
1248 595 1305 633 vis
1334 609 1459 645 neque
1475 599 1534 634 est
1554 597 1619 634 in-

195 659 312 702 certa,
341 670 466 706 neque
495 670 604 702 nova,
633 670 759 706 neque
788 657 954 695 insolita.

323 720 436 760 Hanc
465 720 680 771 explicandi
713 722 902 761 rationem
937 722 1063 761 Bentl.
1093 722 1216 762 iocose
1244 723 1415 763 refutare
1445 727 1617 765 conatur.

199 787 341 836 „Ego‚“
376 785 515 835 inquit,
551 786 759 835 „spondere
789 787 924 832 ausim,
954 787 1015 824 cui
1041 787 1171 825 clavus
1191 800 1261 837 per
1280 788 1479 826 cerebrum
1501 789 1618 827 adac-

193 854 255 890 tus
285 851 347 897 sit,
379 850 480 889 omni
507 852 613 888 metu
633 850 799 889 liberum
820 853 858 889 et
879 852 1096 902 expeditum
1121 851 1335 891 futurum“.
1392 852 1616 900 Videamus,

194 917 287 965 quid
329 915 554 953 Schuetzius
584 915 631 951 ad
660 915 731 952 hoc
761 916 1008 964 respondeat:
1059 915 1272 962 „Bentlei“‚
1302 917 1441 966 inquit,
1477 918 1620 963 „verba

193 980 379 1018 facetiora
422 992 538 1029 quam
580 978 730 1017 veriora
773 981 874 1017 sunt.
932 978 1069 1018 Totum
1111 980 1213 1018 enim
1255 980 1380 1019 locum
1409 980 1618 1032 allegorice

193 1044 497 1094 intellegendum
540 1057 623 1081 esse
663 1045 866 1092 apparet“‚
923 1043 1042 1082 Recte
1075 1044 1147 1082 hoc
1176 1045 1344 1093 quidem.
1401 1045 1499 1083 Tum
1527 1059 1616 1084 vero

192 1108 340 1158 pergit:
377 1107 493 1153 „Quis
521 1120 592 1156 per
619 1106 887 1155 metaphoram
916 1107 1009 1145 dicit
1037 1107 1163 1145 clavos
1182 1121 1253 1157 per
1276 1109 1478 1146 cerebrum
1496 1109 1618 1159 adigi,

194 1173 260 1221 qui
304 1172 430 1209 dicere
473 1171 556 1208 vult
591 1170 764 1207 homines
803 1171 964 1220 imperio
993 1172 1233 1209 necessitatis
1262 1172 1453 1210 subiectos
1482 1175 1611 1210 esse?“

194 1236 302 1282 Quod
322 1233 326 1238 ’
345 1235 377 1273 si
415 1235 490 1273 sibi
526 1235 610 1285 ipse
653 1236 827 1272 constare
856 1234 982 1282 vellet,
1013 1238 1051 1273 et
1078 1236 1346 1274 necessitatem
1374 1235 1438 1275 hic
1467 1249 1619 1287 quoque

192 1302 368 1340 lictorem
398 1314 479 1339 esse
509 1303 676 1349 putaret,
706 1302 750 1338 ut
778 1300 817 1338 in
848 1299 919 1338 Od.
949 1300 979 1338 I:
1011 1302 1060 1338 35
1092 1303 1178 1339 cum
1206 1302 1411 1351 perpaucis
1439 1301 1524 1339 aliis
1544 1301 1615 1339 lic-

192 1366 285 1404 toris
314 1368 446 1415 partes
474 1365 697 1402 necessitati
727 1364 845 1410 dedit,
876 1366 1142 1414 metaphoram
1171 1378 1236 1403 suo
1257 1378 1412 1415 prorsus
1431 1365 1512 1404 loco
1533 1378 1615 1404 esse

193 1430 413 1480 collegeret.
470 1429 656 1467 Horatius
697 1429 881 1467 nimirum
916 1429 1010 1467 dicit
1045 1429 1217 1467 homines
1255 1432 1298 1467 ut
1326 1444 1454 1468 servos
1481 1443 1615 1468 neces-

193 1495 300 1531 sitati
342 1497 385 1530 ut
426 1494 553 1530 lictori
597 1506 679 1530 esse
722 1493 926 1538 subiectos,
970 1506 1055 1541 quae
1085 1506 1202 1542 quum
1232 1493 1280 1530 ad
1310 1506 1372 1530 eos
1401 1493 1543 1536 veniat,
1573 1496 1620 1531 ut

192 1558 396 1597 tormentis
439 1558 517 1596 suis
561 1558 608 1596 ad
651 1559 814 1595 mortem
849 1570 911 1595 eos
941 1557 1097 1603 cruciet,
1140 1560 1222 1595 tum
1252 1571 1314 1596 eos
1343 1571 1418 1595 non
1446 1558 1616 1596 animum

191 1625 297 1660 metu
338 1623 505 1669 liberare
550 1635 675 1671 neque
723 1624 840 1670 caput
881 1622 1029 1670 laqueis
1071 1622 1205 1658 mortis
1260 1622 1438 1670 expedire
1488 1635 1613 1671 posse,

193 1686 344 1724 etiamsi
372 1688 453 1724 tam
483 1686 621 1724 divites
650 1685 739 1731 sint,
770 1688 813 1723 ut
840 1698 915 1723 non
940 1685 1049 1723 modo
1069 1684 1237 1732 Italiam,
1267 1685 1333 1723 sed
1354 1685 1472 1723 etiam
1490 1686 1618 1724 maria

193 1751 379 1788 alluentia
413 1750 586 1788 aedificiis
621 1750 699 1787 suis
729 1753 916 1799 occupent
938 1750 980 1798 ¹).
1037 1749 1215 1798 Denique
1245 1750 1293 1786 ad
1321 1750 1518 1797 stropham
1547 1751 1614 1787 de-

191 1814 422 1852 fendendam
451 1814 554 1851 idem
585 1813 667 1851 fere
688 1813 815 1851 dicere
843 1813 953 1851 nobis
979 1812 1083 1859 licet,
1113 1813 1214 1863 quod
1233 1812 1416 1851 Lehrsius
1444 1813 1492 1851 ad
1511 1812 1541 1851 I:
1563 1814 1614 1851 35
1643 1806 1647 1808 ἡ

193 1879 404 1924 annotavit,
448 1878 706 1916 confitendum
749 1891 830 1915 esse
872 1891 939 1915 nos
974 1877 1093 1915 semel
1127 1877 1235 1915 bisve
1270 1877 1444 1927 legentes
1473 1878 1513 1915 in
1541 1878 1614 1916 hac

192 1942 309 1980 illave
352 1955 394 1979 re
422 1942 571 1979 haerere
599 1954 724 1991 neque
754 1941 878 1979 obiter
907 1943 945 1979 et
973 1940 1111 1979 leviter
1140 1941 1375 1992 attingentes
1404 1941 1515 1991 quasi
1544 1955 1616 1992 per

192 2007 359 2058 glaciem
386 2008 649 2044 transcurrere
678 2019 801 2055 posse,
830 2005 901 2044 hoc
931 2008 1059 2044 autem
1087 2019 1210 2056 neque
1240 2020 1322 2044 esse
1342 2009 1615 2057 argumentum

192 2067 325 2108 contra
354 2070 553 2119 stropham
581 2083 707 2118 neque
737 2069 873 2106 vitium
901 2071 1036 2118 poetae,
1080 2070 1223 2119 quippe
1254 2071 1354 2119 quod
1382 2071 1506 2119 poetis
1536 2070 1615 2108 alte

191 2134 486 2185 assurgentibus
514 2147 639 2183 neque
668 2146 738 2183 per
766 2133 925 2171 humum
953 2134 1196 2184 serpentibus
1218 2134 1503 2172 concedendum
1522 2134 1586 2172 sit.

326 2262 346 2299 ¹)
371 2268 431 2295 Cfr.
450 2267 545 2295 schol.
573 2266 815 2301 „Necessitatem
838 2274 895 2302 pro
918 2268 1018 2294 morte
1040 2264 1179 2302 posuit“‚
1217 2267 1331 2303 Porph.
1369 2267 1615 2301 „Adamantinos

191 2322 293 2350 clavos
316 2330 374 2357 pro
397 2322 508 2349 mortis
530 2321 715 2348 necessitate
738 2317 876 2356 posuit“‚
900 2321 988 2348 Acro.
