1768 2856
766 201 976 238 -57-

287 309 502 349 Immunem
527 309 591 348 hic
612 321 693 347 esse
712 309 954 346 innocentem
972 309 1207 358 putaverunt
1234 307 1336 347 Acro
1365 309 1392 347 &
1420 310 1578 361 Porph.,

163 376 517 424 „Commentator“,›
544 374 779 417 Sanadonus,
816 373 1000 419 Dillenb.,
1035 373 1310 423 Huepedenius
1331 374 1373 422 ¹),
1404 377 1443 412 et
1470 375 1573 414 inter

157 443 305 482 nostros
324 438 604 489 Stambergius,
624 437 929 484 Fahlcrantzius;
950 436 1170 477 Cavallinus
1185 438 1229 488 ²).
1258 437 1412 478 Interea
1430 440 1578 480 nullum

158 505 351 556 reperitur
378 504 418 541 in
446 503 569 540 literis
598 502 729 540 latinis
758 516 827 548 ex.,
856 503 924 540 ubi
952 504 1133 541 immunis
1160 503 1282 541 solum
1309 505 1413 542 nullo
1448 506 1580 548 addito

158 569 336 622 genetivo
365 581 394 605 s.
426 566 593 605 ablativo
622 566 741 604 talem
759 566 840 605 vim
858 567 1013 605 habeat.
1062 566 1186 613 Quam
1206 569 1253 606 ob
1274 582 1356 607 rem
1376 569 1481 607 haud
1500 570 1580 609 scio

159 648 208 673 an
235 633 343 671 illam
372 632 663 681 explicationem
682 632 886 681 repudiare
906 645 1099 682 cogamur,
1129 646 1231 678 nam,
1260 636 1304 671 ut
1323 634 1417 672 dicit
1436 633 1576 673 Wick·

157 697 321 741 hamius,
356 696 389 733 si
417 696 597 733 immunis
626 697 726 733 esset
752 695 855 733 idem
883 696 984 745 quod
1012 696 1192 734 immunis
1220 697 1420 743 scelerum,
1458 699 1580 737 totius

159 760 338 801 carminis
367 760 596 810 gravissima
625 762 725 798 esset
752 774 821 798 vox
848 760 944 798 illud
971 762 1162 809 scelerum,
1192 762 1259 799 sed
1286 762 1471 800 Horatius
1499 777 1573 801 non

159 826 252 864 adeo
279 825 438 863 obscure
466 824 633 874 scripsit,
662 825 705 862 ut
733 824 961 874 gravissima
989 825 1189 864 sententiae
1218 839 1308 876 pars
1339 826 1576 877 cogitatione

107 904 110 906 ·
159 893 197 929 et
224 890 371 928 incerta
400 889 618 931 coniectura
652 889 825 928 addenda
854 892 964 928 esset.
1021 890 1158 940 Neque
1200 904 1331 930 eorum
1370 892 1565 942 opiniones

156 953 376 1007 probabiles
418 955 518 999 sunt,
562 954 628 1002 qui
674 954 878 992 artificiose
921 954 1217 1004 explicaverunt,
1261 958 1304 993 ut
1351 956 1565 994 Lambinus

158 1018 354 1069 (immunis
397 1035 446 1049 =
488 1018 701 1068 improbus)
733 1018 778 1067 3),
813 1018 1007 1057 Duentzer
1035 1018 1136 1067 (frei,
1166 1020 1433 1070 geschaftslos,
1463 1021 1501 1059 h.
1532 1035 1565 1059 e.

158 1099 221 1123 am
262 1083 468 1132 Feiertage
486 1082 549 1131 4)),
590 1082 770 1121 Luebker
811 1082 921 1131 (rein,
964 1083 1187 1133 kfirperlich
1221 1084 1300 1121 und
1334 1084 1574 1134 moralisch).

157 1148 293 1198 Itaque
327 1147 479 1197 proprio
510 1160 622 1184 sensu
642 1147 870 1196 capiendum
899 1149 956 1185 est
983 1147 1054 1185 hoc
1082 1148 1258 1186 verbum:
1289 1149 1370 1185 sine
1397 1161 1565 1197 munere,

158 1214 239 1250 sine
257 1212 377 1249 donis.
425 1211 508 1249 Hoc
529 1211 645 1249 etiam
664 1211 820 1260 plurimi
841 1211 1003 1249 editores
1021 1212 1208 1257 fecerunt,
1229 1215 1273 1249 ut
1301 1212 1504 1251 Dacierius
1524 1214 1570 1262 5),

158 1275 299 1321 BentL,
324 1274 464 1317 Ritter,
493 1274 638 1320 Keller,
668 1273 839 1319 Wickh.,
867 1274 1028 1321 Peerlc.,
1058 1275 1294 1321 Schuetzius,
1325 1279 1411 1322 cet.,
1443 1279 1482 1314 et
1509 1277 1573 1314 in-

156 1343 218 1379 ter
250 1340 507 1379 Scandinavos
535 1339 723 1390 Buggius,
744 1339 954 1389 Lysander,
983 1340 1343 1391 Haeggstroemius,
1374 1344 1446 1379 cet.
1503 1340 1573 1379 In-

157 1407 217 1443 ter
261 1405 469 1443 contrarias
503 1404 697 1454 opiniones
727 1403 883 1450 Gesner,
913 1404 1086 1450 Bothius,
1117 1403 1296 1450 Orellius,
1325 1405 1371 1443 L.
1401 1404 1569 1444 Mueller

156 1482 293 1518 pacem
315 1481 538 1517 componere
566 1468 690 1506 conati
718 1470 806 1505 sunt
833 1470 1042 1506 vertentes:
1086 1468 1168 1506 sine
1198 1469 1318 1514 donis,
1347 1469 1386 1506 h.
1417 1483 1449 1507 e.
1480 1470 1571 1519 quia

156 1545 291 1569 manus
333 1532 479 1569 nullam
506 1545 588 1569 rem
616 1532 815 1576 commisit,
845 1545 963 1580 quare
993 1532 1055 1569 dei
1075 1532 1164 1569 doni
1192 1532 1371 1581 placandi
1400 1536 1500 1578 sunt,
1530 1534 1569 1571 h.

158 1609 190 1634 e.
233 1595 425 1634 innocens
496 1595 753 1634 Verisimilius
787 1595 883 1633 mihi
912 1609 993 1634 esse
1022 1596 1176 1634 videtur
1204 1596 1259 1634 ita.
1287 1599 1457 1635 vertere:
1488 1597 1574 1636 sine-

157 1660 277 1706 donis,
311 1661 350 1698 h.
386 1674 418 1698 e.
449 1661 539 1709 quia
567 1673 701 1697 manus
729 1660 827 1697 nihil
855 1660 995 1697 donare
1023 1663 1162 1709 potest,
1192 1661 1230 1698 h.
1262 1674 1294 1698 e.
1325 1675 1483 1710 pauper,
1514 1662 1569 1699 ita

156 1726 200 1761 ut
224 1724 414 1762 sententia
440 1724 607 1774 strophae
626 1724 709 1762 haec
728 1724 812 1761 fiat:
833 1737 1019 1773 pauperes
1039 1738 1158 1774 quum
1177 1724 1408 1771 sacrificant,
1438 1738 1571 1775 sump-

156 1788 341 1827 tuosiores
376 1802 491 1839 quam
519 1803 587 1839 pro
616 1788 864 1827 facultatibus
893 1789 1194 1827 sacrificantium
1221 1789 1356 1827 hostiae
1386 1790 1467 1827 deis
1495 1803 1570 1828 non

156 1852 325 1902 placent.

299 1916 527 1966 Sumptuosa
567 1917 688 1954 hostia
728 1930 796 1966 pro
829 1916 1060 1954 nominativo
1102 1917 1322 1955 habuerunt
1363 1918 1491 1955 Bentl.
1531 1921 1570 1956 et

155 1982 243 2029 post
277 1994 364 2018 eum
391 1979 534 2026 lanius,
564 1981 755 2027 Luebker,
784 1980 995 2030 Boettiger,
1039 1981 1327 2031 Huepedenius,
1357 1982 1569 2028 Nauckius,

158 2043 367 2094 Gruppius,
406 2045 483 2082 alii.
541 2044 649 2090 Quod
678 2047 805 2082 autem
834 2044 964 2082 dicunt
992 2044 1183 2083 Acronem
1214 2046 1241 2083 &
1269 2046 1572 2096 Porphyrionem

290 2182 311 2219 ¹)
336 2188 393 2220 Qui
416 2190 515 2215 tota-m
538 2190 824 2216 commentationem
847 2189 885 2215 de
906 2189 964 2215 hac
987 2197 1047 2216 una
1070 2190 1128 2216 ode
1152 2190 1287 2224 scripsit,
1311 2190 1400 2216 Cellae
1427 2191 1519 2216 1829.

289 2236 310 2273 ²)
334 2241 408 2269 Lex.
431 2241 485 2269 lat.
509 2251 539 2278 p.
567 2243 657 2270 1148.
1347 2239 1354 2245 ‘

288 2289 311 2327 3)
334 2297 411 2324 Exzo
445 2304 461 2323 e
495 2297 607 2324 Plauto
637 2299 761 2332 sumpto
789 2297 879 2324 nixus
902 2299 959 2325 est.
1006 2298 1114 2325 Potuit
1138 2300 1241 2325 autem
1263 2299 1367 2333 ipsum
1390 2298 1567 2325 Ciceronem

156 2349 279 2376 afferre:
313 2350 412 2377 virtus
447 2359 507 2377 non
541 2352 589 2377 est
623 2351 787 2377 inhumana
820 2353 918 2385 neque
951 2351 1097 2378 immunis
1121 2351 1271 2386 (hjertlos,
1297 2350 1445 2386 sjelfvisk)
1469 2359 1569 2386 neque

156 2403 302 2438 superba.

287 2451 310 2489 4)
338 2458 442 2491 „Kann
476 2458 560 2484 nicht
594 2458 796 2492 gesehenklos
831 2455 986 2492 heissen“;
1020 2459 1075 2486 wie
1098 2459 1242 2487 verdreht
1271 2460 1335 2487 und
1362 2459 1565 2487 verschroben

154 2509 234 2537 ware
257 2510 337 2537 daun
360 2511 415 2538 der
438 2509 542 2538 Satz!“

288 2558 310 2596 ⁶)
337 2565 399 2599 „Ne
422 2566 497 2600 peut
519 2565 629 2600 jamais
653 2566 787 2600 signifier
809 2566 979 2599 innocente,
1003 2575 1073 2602 pur,
1096 2568 1174 2595 mais
1197 2565 1319 2595 vuide“.
