1768 2856
876 209 1006 246 ..--41
1038 230 1088 234 -

269 318 474 371 perhorrui
501 317 690 366 superbus
718 315 816 353 fieri.
872 314 928 352 At
955 328 1032 364 qua
1059 327 1102 352 re
1130 314 1344 363 superbus?
1390 314 1548 352 Divitiis
1567 315 1688 353 aiunt.

270 383 359 423 Non
392 380 615 432 arrogantia
647 382 729 417 tam
756 381 947 429 perpetua
975 380 1034 417 est
1062 378 1287 416 divitiarum
1315 390 1453 423 comes,
1481 380 1525 415 ut
1552 378 1688 417 tollere

256 447 455 487 r‘verticem
483 447 522 483 et
550 457 633 482 esse
662 443 824 482 divitem
850 443 954 481 idem
982 442 1211 493 significet.“
1272 441 1393 480 Recte
1422 442 1494 480 hoc
1519 442 1687 491 quidem.

255 511 347 563 ‘Sed
389 510 436 548 de
470 509 704 559 arrogantia,
746 510 791 545 ut
817 508 896 545 iam
931 507 1110 554 vidimus,
1144 506 1238 544 Hor.
1268 520 1316 544 ne
1345 507 1506 545 verbum
1534 506 1692 556 quidem

272 575 379 613 dixit.
418 591 424 595 ·

400 637 533 676 Verba
562 650 648 687 quae
676 638 767 674 sunt
793 636 833 674 in
862 638 929 674 str.
962 636 1023 674 10:
1061 640 1249 674 contracto
1277 635 1410 673 melius
1432 647 1558 685 parva
1585 636 1692 685 eupi-

223 752 225 754 ‚
271 704 359 741 dine
399 701 597 753 vectiqalia
632 701 831 751 porriqam
873 701 1105 750 interpretes
1140 700 1287 738 duobus
1321 699 1444 738 modis
1473 699 1693 749 explicave-

270 768 373 805 runt.
430 765 512 803 Alii
542 765 646 802 enim
674 765 835 803 credunt
863 765 1084 815 significare
1112 764 1215 802 idem
1243 764 1344 814 quod
1372 765 1522 802 minora
1547 763 1693 801 tributa

267 830 490 883 persolvam,
534 829 601 867 alii
642 829 787 867 reditus
827 842 925 867 meos
966 829 1172 868 extendam.
1241 828 1354 867 Illam
1397 828 1692 879 explicationem

271 896 552 947 proposuerunt
584 893 727 945 Porph.
757 893 857 943 („rei
884 894 1050 945 publicae
1079 896 1208 933 autem
1233 894 1380 932 reditus
1401 894 1581 933 dicuntur
1599 907 1691 932 vec-

272 960 466 1011 tigalia“)‚
496 959 597 998 Acro
627 958 813 1009 („parvus
843 973 1036 1009 possessor
1063 960 1211 997 minora
1240 959 1456 1009 persolvam
1484 959 1690 1007 tributa“),

274 1024 558 1064 Commentator
601 1023 758 1074 Cruqui,
801 1022 1015 1070 Dacierius,
1058 1023 1293 1069 Sanadonus,
1335 1025 1487 1062 veteres
1524 1022 1693 1073 denique

273 1090 505 1139 interpretes
536 1091 574 1127 et
602 1088 878 1127 recentioribus
907 1089 1142 1138 temporibus
1161 1088 1302 1134 Ritter‚
1332 1088 1539 1134 Duentzer‚
1559 1087 1688 1126 Stam-

273 1153 444 1204 bergius‚
475 1153 508 1190 si
537 1153 623 1203 quis
659 1152 769 1190 alius.
801 1152 938 1191 ‘Hanc
965 1152 1246 1203 interpretandi
1273 1152 1463 1190 rationem
1492 1150 1692 1202 amplexus

275 1231 357 1256 esse
398 1218 551 1256 videtur
585 1217 673 1255 Cru.
708 1217 791 1267 ipse
826 1216 1016 1265 („minora
1043 1217 1252 1268 vectigalia
1280 1217 1435 1255 invidiae
1463 1217 1590 1254 minus
1620 1217 1689 1254 ob-

273 1281 384 1320 noxia
413 1294 532 1331 eoque
560 1281 870 1331 tranquilliora“)
900 1284 939 1319 et
966 1281 1169 1331 perpaucis
1198 1284 1367 1331 exceptis
1397 1294 1525 1319 omnes
1554 1293 1691 1318 recen-

274 1346 390 1384 tiores
433 1347 675 1395 acceperunt.
731 1345 877 1384 Peerlc.
921 1345 1127 1384 obsoletam
1161 1345 1467 1395 explanationem
1501 1345 1688 1395 sequitur⁷

274 1410 382 1448 modo
423 1412 466 1447 ut
508 1423 593 1447 eam
620 1409 775 1448 mulcet.
831 1409 1099 1448 Recentiorem
1127 1410 1235 1447 illam
1264 1424 1286 1447 a
1314 1412 1422 1448 recta
1449 1409 1582 1447 latinae
1611 1409 1689 1446 lin-

276 1486 364 1524 guae
393 1473 664 1512 consuetudine
694 1474 899 1512 abhorrere
927 1476 1040 1524 putat
1067 1473 1294 1524 (vectigalia
1313 1474 1512 1524 porrigere
1534 1491 1563 1504 =
1583 1474 1689 1511 redi-

274 1540 337 1576 tus
384 1538 615 1587 extendere).
686 1538 763 1576 Gfr.
806 1540 936 1576 tamen
982 1538 1062 1577 Sat.
1105 1537 1155 1576 II:
1186 1540 1223 1584 2,
1255 1539 1349 1576 100:
1385 1538 1467 1589 qu
1494 1539 1691 1588 vectiyalia

274 1616 413 1654 magma
441 1603 663 1653 divitiasque
690 1603 802 1640 habeo
830 1605 869 1641 et
896 1603 1056 1641 stoicam
1080 1603 1311 1641 sententiam
1336 1613 1516 1653 qnaqnum
1536 1603 1695 1653 vectiqal

267 1669 521 1717 parsimonia.
550 1666 683 1705 Senec.
704 1667 805 1717 Epp.
827 1668 889 1705 89:
919 1680 1107 1718 quousque
1132 1667 1226 1716 fines
1249 1668 1526 1717 possessionum
1547 1680 1692 1716 propa-

272 1731 438 1781 9abitis?
497 1730 694 1781 Quousque
735 1732 925 1768 arationes
965 1735 1106 1768 vestras
1133 1731 1367 1782 porriqetis?
1399 1748 1428 1761 =
1465 1731 1689 1768 extendetis.

275 1794 426 1834 Deinde
468 1798 580 1845 putat
621 1795 664 1834 P.
704 1796 776 1834 hoc
818 1809 900 1834 esse
928 1796 1128 1834 sententiae
1158 1796 1404 1834 contrarium.
1467 1795 1693 1842 „Professus

276 1859 387 1896 enim·
413 1862 497 1897 erat
525 1873 565 1897 se
594 1860 687 1897 satis
715 1860 872 1897 habere.
927 1859 1041 1898 Nunc
1071 1862 1199 1897 autem
1228 1860 1372 1898 diceret
1400 1873 1441 1897 se
1469 1873 1552 1897 rem
1580 1873 1691 1897 suam

275 1923 509 1974 parsimonia
538 1938 693 1975 augere.
750 1924 834 1963 Hoc
864 1924 980 1963 etiam
1009 1925 1116 1963 avari
1134 1924 1293 1970 faciunt,
1320 1924 1386 1974 qui
1406 1924 1578 1974 quaesitis
1599 1939 1692 1974 par-

276 1990 376 2025 cunt
405 1991 443 2025 et
472 1989 679 2034 abstinent,
708 1991 752 2026 ut
780 2002 915 2027 acervo
943 2003 1094 2039 semper
1123 1989 1269 2038 aliquid
1298 1989 1479 2026 addant“.
1521 1988 1630 2033 Quod
1658 1989 1691 2026 si

275 2051 386 2090 homo
428 2053 577 2091 sobrius
621 2055 659 2091 et
700 2067 818 2103 parvo
848 2045 1047 2092 contentus
1076 2053 1159 2092 haec
1195 2053 1305 2092 dicit:
1340 2053 1424 2091 nolo
1453 2052 1559 2091 dives
1590 2066 1694 2099 esse;

277 2117 483 2154 contractis
521 2117 798 2166 cupiditatibus
827 2120 962 2155 tenues
998 2118 1142 2155 reditus
1177 2118 1313 2154 melius
1342 2117 1544 2162 sufficient,
1575 2131 1694 2166 quam

276 2180 310 2218 si
337 2180 460 2218 multa
487 2180 684 2227 haberem,
713 2181 825 2230 plura
855 2195 1047 2231 cuperem,
1078 2182 1231 2219 cuinam
1259 2195 1442 2231 umquam
1460 2181 1501 2219 in
1519 2184 1691 2219 mentem

276 2244 382 2282 venit
424 2244 609 2283 eiusmodi
641 2245 835 2283 hominem
864 2260 1022 2284 avarum
1050 2245 1275 2296 appellaret>-
1324 2245 1462 2284 Nonne
1492 2247 1693 2296 apertissi-

276 2321 382 2347 mum
410 2311 468 2347 est
495 2308 607 2347 qum
634 2309 698 2347 hic
727 2309 929 2348 calumniis
957 2310 1015 2348 uti
1043 2310 1122 2348 viro
1152 2310 1367 2348 doctissimo
1396 2310 1591 2362 indignis?

406 2373 545 2411 Lehrsi
587 2374 845 2413 dubitationes
887 2374 1110 2413 Schuetzius
1152 2375 1266 2424 plane
1308 2375 1505 2414 refutavit.
1562 2376 1693 2415 Pauca

277 2438 407 2475 tamen
449 2437 589 2477 addere
630 2437 733 2476 licet.
796 2438 996 2476 Sententia
1029 2438 1096 2476 illa
1130 2443 1269 2489 quanto
1297 2440 1452 2490 quisque
1480 2440 1552 2477 sibi
1573 2441 1694 2490 plura

276 2502 477 2551 neqaverit,
511 2502 558 2539 ab
590 2502 650 2539 dis
678 2503 798 2552 plu-ra
824 2503 919 2552 feret
948 2503 1113 2541 absurda
1141 2503 1303 2541 Lehrsio
1330 2504 1495 2542 videtur.
1553 2504 1693 2542 Forma

277 2564 434 2613 quidem
462 2565 629 2603 absurda
658 2568 727 2612 est,
756 2567 824 2604 sed
852 2580 898 2604 ea
927 2568 1009 2605 erat
1037 2580 1098 2604 ars
1126 2567 1453 2617 philosophorum,
1481 2582 1557 2617 qua
1576 2582 1693 2617 para-
