1768 2856
801 169 1011 206 ..24—

871 332 953 391 X.

327 468 411 507 Hoc
432 482 587 508 carmen
605 471 713 507 tanto
735 481 848 519 opere
868 468 1068 507 laudatum
1087 468 1262 519 tantique
1281 470 1440 519 propter
1456 467 1617 519 elegan-

197 533 292 571 tiam
322 534 606 584 iuvenilemque
636 534 878 572 alacritatem
907 535 1140 572 aestimatum
1169 533 1320 583 Gruppi
1339 533 1480 578 Aeaco,
1506 546 1632 573 seve-,

197 597 346 635 rissinio
376 596 467 636 Orci
497 598 636 644 iudice,
657 598 739 636 sine
758 597 838 635 ulla
856 598 1120 644 misericordia
1139 597 1362 635 damnatum
1381 598 1440 635 est
1457 596 1498 634 in
1518 610 1616 646 cap.,

198 662 298 712 quod
341 662 566 701 inscribitur
608 663 752 713 Lydia,
794 675 914 713 pagg.
959 663 1183 701 524—530.
1254 652 1380 707 Quum
1421 661 1493 700 hoc
1534 661 1616 700 loco

199 726 393 776 specimen
435 727 624 765 universae
661 728 804 766 criticae
833 727 993 765 rationis
1022 741 1100 766 suae
1129 726 1289 772 dederit,
1318 726 1421 764 haud
1449 726 1618 764 alienum

200 790 274 829 erit
301 791 402 829 hanc
430 805 512 829 rem
540 791 669 842 paullo
690 791 878 842 copiosius
899 792 1103 831 discutere.
1152 791 1269 837 Quasi
1288 790 1329 828 in
1348 790 1618 841 praetereundo

201 856 295 894 dicit
336 870 411 894 non
453 869 563 906 posse
599 856 696 902 fieri,
732 859 775 894 ut
810 870 965 894 carmen
995 857 1043 894 ab
1072 856 1232 894 Horatio
1261 855 1448 905 scriptum
1477 857 1517 896 et
1544 854 1616 892 hoc

199 920 281 959 loco
310 920 536 959 collocatum
564 921 627 959 sit.
685 921 812 966 Quum
839 921 880 959 in
909 921 1081 971 proxima
1112 921 1179 959 ode
1200 934 1285 959 cum
1304 920 1429 970 Lydia
1448 922 1615 958 suatum

200 985 301 1023 belle
330 985 370 1022 in
399 986 566 1036 gratiam
595 985 766 1033 redierit,
795 999 870 1024 non
896 999 1007 1036 posse
1027 986 1129 1024 illico
1152 998 1278 1024 amore
1297 984 1420 1035 Lyces
1441 984 1616 1034 deperire

201 1052 240 1088 et
282 1051 392 1100 queri
434 1064 474 1089 se
517 1051 702 1089 stridente
745 1051 922 1100 aquilone
964 1050 1182 1101 pluviisque
1224 1050 1485 1099 strepentibus
1528 1051 1617 1087 ante

200 1114 319 1152 limen
362 1115 443 1152 eius
486 1118 704 1164 porrectum
747 1115 893 1159 confici.
958 1115 1122 1153 Carmen
1163 1114 1284 1164 igitur
1318 1113 1493 1163 spurium
1521 1126 1616 1151 esse.

200 1177 299 1216 Tum
342 1179 541 1229 quaeritur,
586 1179 769 1229 quomodo
813 1181 939 1217 ortum
973 1192 1117 1229 curque
1150 1178 1214 1217 hic
1242 1178 1408 1228 positum
1436 1177 1498 1215 sit.
1554 1177 1617 1215 Ad

201 1243 301 1280 hanc
335 1244 491 1292 quidem
526 1244 776 1292 quaestionem
805 1243 1035 1292 respondere
1065 1243 1220 1280 difficile
1248 1243 1400 1279 videtur
1428 1255 1522 1287 esse,
1551 1242 1618 1279 sed

202 1309 315 1345 acuta
351 1306 501 1357 Gruppi
529 1321 637 1345 mens
666 1307 775 1345 filum
802 1307 994 1345 Ariadnes
1022 1307 1170 1345 invenit
1197 1320 1270 1357 quo
1299 1306 1435 1344 ductus
1464 1319 1484 1343 e
1503 1305 1618 1343 falla-

201 1372 309 1410 cibus
343 1371 557 1422 labyrinthi
592 1372 786 1411 erroribus
815 1372 949 1411 evasit.
1006 1371 1131 1422 Lydia
1159 1372 1199 1410 in
1228 1373 1407 1421 quattuor
1436 1370 1617 1410 carmini-

200 1436 272 1473 bus
314 1436 544 1483 nominatur,
588 1436 618 1475 I:
664 1437 700 1483 8,
738 1438 800 1483 13,
837 1438 901 1483 25,
930 1436 1001 1475 III:
1034 1438 1070 1482 9,
1100 1450 1185 1487 quae
1215 1436 1410 1487 Gruppius
1440 1435 1619 1486 opinatur

201 1500 365 1539 Horzum
384 1501 439 1539 ita
461 1502 668 1548 ordinasse,
688 1504 731 1539 ut
751 1502 931 1540 continua
950 1502 1083 1541 fabula
1100 1501 1284 1540 amatoria
1297 1502 1446 1540 fierent.
1478 1500 1618 1538 Diver-

202 1578 261 1602 sos
291 1566 429 1602 amoris
459 1567 603 1615 gradus
624 1566 768 1616 exponi.
817 1566 991 1604 Primum
1011 1579 1178 1604 amorem
1198 1568 1432 1604 crescentem
1452 1564 1619 1602 describi

201 1629 241 1666 in
270 1628 299 1667 I:
331 1630 354 1667 8
385 1629 412 1667 δι
443 1631 505 1673 13,
536 1630 673 1668 deinde
703 1644 871 1668 amorem
900 1630 1092 1668 divulsum
1120 1630 1160 1667 in
1188 1629 1218 1668 I:
1246 1631 1309 1676 25,
1338 1628 1618 1668 reconciliatio—

201 1707 289 1731 nem
319 1694 483 1743 denique
513 1694 552 1731 in
581 1693 651 1732 III:
683 1696 719 1732 9.
776 1693 837 1732 Ita
866 1695 1037 1733 carmina
1065 1694 1133 1732 illa
1161 1707 1227 1732 suo
1247 1694 1326 1732 loco
1347 1707 1441 1739 esse,
1471 1707 1615 1743 nosque

202 1757 490 1808 dispositionem
524 1759 648 1809 ipsam
678 1759 787 1809 quasi
818 1759 988 1798 obsidem
1016 1759 1161 1797 habere
1191 1758 1361 1797 carmina
1388 1757 1527 1797 Horati
1554 1758 1622 1809 ip·-

203 1823 281 1860 sius
310 1837 425 1860 manu
457 1837 539 1861 esse
569 1825 713 1873 scripta
736 1825 777 1873 ¹).

331 1887 465 1925 Nihilo
493 1888 620 1926 minus
641 1888 765 1927 eidem
786 1888 957 1939 Gruppio
979 1901 1133 1927 carmen
1148 1887 1177 1925 I:
1195 1888 1245 1925 25
1262 1887 1451 1938 displicet.
1482 1886 1625 1937 Itaque>

203 1951 379 2001 spurium
410 1966 491 1990 esse
521 1955 645 2002 putat.
703 1953 811 1998 Quod
840 1954 872 1990 si
901 1954 972 1991 hoc
994 1966 1148 1991 carmen
1168 1953 1379 1998 sustuleris,
1400 1952 1533 1990 fabula
1551 1952 1620 1989 illa

203 2015 389 2052 amatoria
434 2015 573 2053 lacuna
608 2016 747 2054 affecta
777 2016 862 2054 erit.
920 2016 1040 2054 Nulla
1070 2015 1172 2054 enim
1200 2016 1456 2066 perspicietur
1484 2028 1617 2053 recon-

203 2079 410 2117 ciliationis
440 2094 556 2118 causa
584 2081 624 2118 in
654 2082 711 2119 od.
741 2080 812 2120 III:
845 2083 881 2128 9,
912 2095 1030 2131 quum
1049 2081 1155 2118 nulla
1176 2081 1364 2119 discordia
1385 2080 1435 2120 sit
1455 2093 1624 2119 comme-

202 2146 362 2181 morata.
421 2144 553 2183 Hane·
576 2145 715 2182 rimam
743 2148 856 2195 putat
886 2145 951 2184 Gr.
984 2146 1076 2182 duos
1106 2148 1345 2195 corruptores
1375 2144 1526 2194 explere
1557 2157 1619 2182 co-

201 2210 310 2245 natos
344 2221 439 2254 esse,
475 2222 637 2258 quorum
672 2209 770 2248 alter
804 2210 947 2248 astutia
975 2209 1075 2248 malo
1103 2209 1256 2247 numine
1286 2209 1404 2260 digna
1431 2222 1522 2246 usus
1552 2210 1621 2246 est.

203 2271 315 2309 Prior
344 2272 447 2309 enim
477 2287 607 2310 eorum
636 2277 781 2323 praeter
809 2275 976 2323 primam
1004 2273 1201 2322 stropham
1229 2275 1350 2311 totum
1378 2286 1531 2311 carmen
1550 2271 1620 2309 III:

205 2335 254 2373 10
284 2334 438 2385 scripsit
467 2340 505 2375 et
532 2337 588 2375 ibi
616 2337 698 2376 fere
726 2338 865 2388 posuit,
895 2337 961 2376 ubi
990 2350 1090 2375 nunc
1120 2351 1151 2375 c.
1180 2336 1210 2376 I:
1241 2338 1290 2376 25
1320 2337 1518 2383 habemus,
1539 2348 1623 2386 quo,

295 2486 315 2523 ¹]
353 2492 446 2524 „Eine
480 2492 677 2526 Bfirgschast,
714 2493 787 2519 dass
821 2493 875 2519 wir
910 2492 995 2519 diese
1031 2491 1110 2518 oden
1150 2492 1180 2519 in
1212 2492 1386 2526 derjenigen
1409 2491 1503 2526 Folge
1525 2490 1625 2517 haben

202 2546 315 2572 welche
337 2546 393 2572 auf
413 2546 461 2572 die
485 2546 639 2573 Intention
663 2547 726 2574 und
750 2547 799 2573 dic
821 2547 910 2573 Hand
935 2545 989 2572 des
1013 2545 1157 2572 Dichters
1181 2542 1352 2572 verweist.“
