1768 2856
790 161 1000 201 -16-

182 272 321 320 potuit,
358 272 451 320 quin
485 270 579 307 Iuno
610 274 649 308 et
678 271 856 308 Minerva
883 271 1009 320 magis
1038 284 1155 320 quam
1182 271 1323 320 reliqui
1352 271 1414 308 dei
1443 272 1602 322 deaeque

182 333 447 375 misericordia
481 334 730 374 flecterentur
763 334 965 387 magisque
1001 334 1047 375 ob
1082 334 1264 375 iniuriam
1292 334 1514 376 infelicibus
1542 350 1603 378 so-

184 402 254 438 ciis
297 403 336 438 et
377 401 572 438 sodalibus
607 400 756 437 illatam
784 401 1054 438 irascerentur.
1110 400 1249 437 Postea
1277 401 1409 449 ignem
1437 401 1604 449 sopitum
1648 421 1652 425 ·

183 463 307 503 denuo
336 462 538 503 suscitavit
571 465 734 515 „spretae
762 462 905 503 iniuria
932 462 1105 503 formae“.

312 591 358 630 In
392 591 590 643 stropham
623 591 694 630 III:
725 593 762 639 4,
793 592 950 631 69—72
985 591 1092 630 velut
1126 591 1281 644 agmine
1314 591 1417 631 facto
1451 591 1605 632 irruunt

183 657 295 696 multi
339 660 377 696 et
420 657 631 696 doctissimi
672 657 860 708 philologi
902 657 1174 706 Buttmannus,
1216 657 1409 703 Luebker,
1444 657 1602 705 Linker,

181 721 344 769 Peerlc„
395 721 626 766 Meinekius,
669 720 859 767 Prienius,
902 719 1110 770 Hauptius,
1153 720 1350 767 Lehrsius‚
1394 719 1602 771 Gruppius,

182 775 421 832 Schixetzius,
450 785 496 824 L.
526 785 702 825 Mueller.
761 785 902 824 Contra
930 799 1024 835 quos
1054 799 1183 825 omnes
1207 799 1383 836 pugnare
1402 785 1601 824 temerita-

182 851 233 887 tis
267 863 349 887 esse
383 853 574 899 putarem,
610 850 685 886 nisi
714 850 912 899 cognitum
940 849 1125 886 haberem
1154 849 1194 886 in
1222 849 1283 886 his
1312 849 1458 887 criticis
1486 849 1601 886 rebus

185 913 446 953 diversissima
476 926 557 952 esse
586 913 993 965 praestantissimorum
1020 913 1219 952 hominum
1246 913 1390 965 palata.

312 979 457 1025 Verba,
488 993 574 1029 quae
603 982 692 1016 sunt
721 981 823 1016 testis
850 992 1020 1016 mearum
1038 980 1321 1027 sententiarum,
1342 992 1496 1028 prosam
1516 991 1601 1016 ora-

189 1043 334 1081 tione-m
362 1043 535 1081 redolere
566 1046 604 1081 et
631 1043 725 1081 viris
754 1042 832 1080 iam
860 1042 1065 1080 nominatis
1095 1045 1134 1081 et
1162 1041 1409 1081 Wickhamio
1439 1042 1602 1092 aliisque
1649 1050 1651 1052 '

183 1108 345 1146 candide
376 1109 659 1147 concedendum
689 1110 759 1154 est,
789 1108 856 1145 sed
886 1108 1004 1145 etiam
1033 1107 1105 1146 Gu.
1135 1107 1320 1145 Teuffelio
1350 1108 1601 1146 concedamus

181 1171 322 1218 ieiune,
352 1172 508 1222 frigide,
537 1172 638 1209 sicce
667 1171 771 1209 dicta
796 1171 899 1208 haud
918 1184 1004 1209 raro
1026 1171 1128 1221 apud
1147 1171 1353 1209 Horatium
1371 1171 1536 1209 inveniri
1558 1171 1601 1221 ¹).

182 1235 384 1273 Pertinent
427 1239 556 1273 autem
597 1236 681 1273 haec
724 1235 863 1273 Horati
904 1236 1022 1273 verba
1057 1236 1105 1272 ad
1139 1236 1285 1285 grande
1319 1235 1415 1272 illud
1450 1235 1601 1273 dicendi

182 1312 317 1349 genus,
347 1312 433 1349 quae
462 1313 537 1337 non
565 1301 647 1337 tam
674 1299 784 1337 nobis
813 1313 930 1349 quam
957 1299 1124 1337 romanis
1151 1299 1342 1349 placebat.

312 1363 370 1401 Ex
399 1363 466 1409 eis,
497 1377 583 1413 quae
612 1365 802 1413 praeterea
831 1364 879 1400 ad
907 1363 1204 1412 vituperandam
1232 1363 1430 1413 stropham
1459 1363 1600 1401 attule-

182 1429 285 1474 runt,
314 1427 437 1464 multa
465 1430 555 1465 sunt
583 1427 688 1465 vilia.
745 1426 800 1465 Ut
829 1427 1016 1465 adiectivo
1045 1428 1216 1477 viminea
1243 1441 1311 1477 pro
1341 1428 1461 1465 subst.
1481 1428 1599 1478 virqc'-

182 1493 244 1528 ‘nis
278 1492 534 1529 offenduntur.
597 1492 673 1529 Sed
707 1492 783 1529 adi.
813 1492 956 1528 maiore
985 1491 1137 1540 poetica
1165 1491 1355 1528 suavitate
1385 1494 1443 1529 est
1471 1492 1598 1529 imbu-

181 1557 264 1591 tum
293 1568 409 1603 quam
437 1555 651 1604 genetivus.
708 1555 839 1604 Atque
867 1568 915 1592 ne
944 1555 1019 1591 huc
1044 1554 1242 1592 trahamus
1263 1568 1331 1600 ex.‚
1361 1555 1491 1603 qualia
1507 1558 1600 1601 ,sunt

183 1618 287 1668 apud
328 1618 422 1656 Hor.
452 1618 657 1668 herculeus,
687 1619 887 1667 hectoreus,
917 1619 957 1656 in
986 1632 1041 1656 ex.
1071 1618 1161 1656 huic
1190 1619 1269 1656 loco
1301 1618 1491 1657 similibus
1521 1619 1597 1658 adi.

181 1684 389 1733 ‘ciriqineus
416 1696 591 1732 persaepe
620 1684 722 1733 apud
750 1686 883 1733 poetas
914 1683 1090 1729 occurrit,
1126 1686 1169 1721 ut
1196 1682 1370 1732 Propert.
1400 1682 1450 1721 II:
1484 1685 1518 1729 1,
1550 1685 1599 1722 69

181 1748 358 1796 vt'ryinew
386 1760 495 1784 urna>
524 1749 591 1795 (Ξ
621 1747 857 1796 danaidum),
887 1747 1031 1785 Lucan.
1061 1747 1195 1784 Phars.
1225 1747 1273 1785 V:
1308 1748 1381 1784 142
1414 1749 1602 1797 virqineus

181 1811 289 1859 focus·
331 1810 397 1859 (=
427 1811 661 1859 vestalium),
705 1810 816 1849 ovid.
854 1811 959 1849 Fast.
995 1810 1064 1849 IV:
1102 1812 1175 1849 731
1213 1812 1382 1861 viminea
1411 1824 1495 1858 ara,
1526 1814 1598 1850 cet.

183 1875 278 1922 (Cfr.
308 1875 506 1926 virgineus
535 1875 672 1922 voltus,
703 1879 887 1926 comptus,
916 1876 1051 1926 pudor,
1080 1890 1149 1915 v-a
1174 1876 1305 1922 facies,
1331 1875 1464 1923 forma,
1486 1891 1599 1927 aqua,

184 1940 287 1987 cet.).
344 1939 483 1989 Neque
527 1941 581 1978 eis
623 1941 751 1990 placet
793 1945 1001 1990 temptator,
1045 1942 1145 1991 quod
1180 1944 1238 1979 est
1273 1939 1335 1979 ἇπ.
1366 1938 1432 1990 εὶρ.
1489 1940 1600 1980 Talia

184 2006 313 2041 autem
355 2003 449 2041 Hor.
484 2004 676 2053 permulta
710 2005 912 2053 usurpavit
940 2007 1056 2054 atque
1085 2019 1147 2042 sex
1175 2019 1273 2042 nova
1301 2006 1422 2043 subst.
1452 2006 1492 2043 in
1521 2010 1600 2042 -tor

183 2067 399 2105 desinentia
428 2068 548 2114 finxit,
579 2081 741 2118 quorum
766 2069 935 2119 quinque
955 2072 1043 2107 sunt
1062 2069 1101 2106 in
1122 2069 1275 2120 scriptis
1296 2084 1318 2107 a
1338 2072 1451 2120 poeta
1470 2072 1597 2107 nostro

182 2146 330 2169 summa
360 2135 443 2169 arte
473 2132 696 2170 elaboratis:
720 2133 883 2181 plausor
911 2133 1039 2182 (epist.
1070 2133 1119 2170 II:
1151 2134 1187 2178 2,
1220 2135 1308 2179 130,
1338 2134 1386 2171 A.
1416 2134 1459 2171 Ρ.
1492 2133 1597 2182 154),

274 2260 294 2296 ¹}
321 2266 434 2297 „Wenn
457 2265 628 2300 prosaisch,
654 2273 689 2291 so
712 2273 783 2298 mag
807 2265 862 2291 das
884 2266 958 2291 Hor.
983 2263 1234 2297 verantwortcn,“
1261 2267 1442 2293 Schuetzius
1466 2275 1496 2301 p.
1523 2267 1594 2293 357.

185 2318 233 2349 „Si
270 2318 386 2344 chacun
421 2326 453 2344 se
482 2318 604 2344 mettoit
629 2326 665 2344 en
690 2318 771 2344 droit
795 2318 832 2344 dc
856 2318 975 2352 corigcr
997 2319 1070 2344 tous
1093 2318 1139 2344 les
1162 2326 1231 2345 vers
1255 2318 1309 2345 des
1333 2317 1451 2354 poetes,
1477 2318 1529 2353 qui
1552 2318 1595 2345 lui

182 2372 358 2407 paroisscnt
381 2371 563 2407 prosa'iqucs
587 2381 626 2399 on
649 2372 710 2399 mal
734 2371 892 2405 cadem-es,
916 2380 995 2399 nous
1018 2372 1174 2400 n'aurions
1189 2373 1261 2408 plus
1277 2373 1342 2400 rien
1359 2373 1499 2401 ‹l‘assure
1516 2373 1593 2400 dans

181 2427 227 2452 los
261 2425 385 2461 poesies
420 2426 474 2452 des
503 2427 635 2453 anoiens.
682 2427 764 2453 Tout
788 2427 884 2453 seruit
907 2426 1065 2453 abandone
1088 2435 1147 2454 aux
1170 2427 1348 2454 vetilleuscs
1371 2427 1531 2454 santaisies
1555 2426 1597 2452 du

182 2480 253 2515 plus
288 2479 441 2507 mediocre
475 2477 721 2514 g1·amn1ai1·ien“,
757 2481 865 2508 Sanad.
901 2480 940 2507 ad
974 2481 1030 2508 III:
1068 2483 1095 2513 6,
1134 2482 1181 2509 11.
1228 2482 1287 2508 Cfr.
1312 2482 1346 2509 L.
1371 2481 1509 2513 Mueller,
1533 2480 1595 2507 Lit.

181 2535 262 2561 nist.
286 2535 390 2568 Biogr.
415 2543 445 2569 p.
473 2536 531 2561 11¹.)
556 2535 703 2569 aliosque.
