1768 2856
216 260 322 299 doxis
365 260 597 312 sapientiam
640 263 679 299 et
719 260 925 300 veritatem
967 259 1186 299 conderent.
1252 258 1324 299 Est
1358 261 1487 299 autem
1519 259 1641 300 stoica

216 327 424 363 sententia.
460 326 578 371 „Haec
608 326 898 374 enthymemata
919 339 1011 363 vera
1030 328 1120 361 sunt
1139 325 1329 362 axiomata
1347 326 1488 362 stoica“
1515 324 1639 374 (Gru.)

216 388 305 427 Non
335 388 510 427 omnibus
540 402 625 427 eam
655 389 862 428 absurdam
890 388 1014 428 videri
1037 387 1127 427 inde
1148 390 1323 440 apparet,
1353 388 1453 440 quod
1473 401 1638 428 comme-

216 457 365 492 morata
395 457 453 492 est
482 468 504 491 a
532 454 774 504 philosopho,
804 455 962 492 Hildeb.
991 453 1125 492 moral.
1155 453 1252 503 phil.
1277 468 1316 503 p.
1339 454 1429 492 991.
1460 453 1538 492 cfr.
1560 453 1638 492 Cic.

216 519 351 567 parad.
395 517 464 555 VI:
502 519 543 555 3:
579 531 655 554 non
684 531 759 555 esse
788 519 967 568 cupidum
989 518 1155 567 pecunia
1182 521 1245 566 est,
1275 530 1351 554 non
1379 529 1454 554 esse
1482 529 1641 574 emacem

216 582 372 634 vectiqal
400 586 464 632 est,
500 586 711 620 contentum
739 584 821 621 suis
849 582 957 621 rebus
985 591 1060 620 e'sse
1086 582 1263 620 maximoe
1291 586 1380 620 sunt
1407 583 1640 620 certissimae-

216 660 286 696 que
327 648 482 691 divitae,
526 649 599 683 cet.
645 668 694 672 —-
739 647 876 695 Aeque
912 647 1078 683 absurda
1112 646 1273 682 Lehrsio
1308 646 1488 682 videntur
1521 646 1641 682 verba

217 710 273 748 m‘l
315 711 547 760 cupientium
588 711 716 748 nudus
758 708 893 748 castra'
913 715 1000 761 peto
1034 714 1067 748 et
1094 709 1300 760 transfuqa
1328 710 1488 747 divitum
1511 714 1642 759 partes

216 775 386 824 linquere
424 776 552 824 yestio.
611 774 779 824 Cruquio
822 787 911 812 vero
955 773 1224 812 incredibilem
1266 773 1560 811 admirationem
1603 775 1642 811 et

218 838 515 878 delectationem
557 839 786 878 iniecerunt.
850 839 1085 889 „Explicat,“
1133 838 1271 889 inquit,
1320 838 1526 886 „Horatius
1555 839 1640 877 ani-

218 917 324 940 mum
366 917 477 941 suum
517 904 631 953 plane
675 904 861 949 divinum,
906 918 1022 953 quam
1064 903 1182 940 animi
1225 917 1311 941 cum
1353 903 1443 941 vitae
1471 903 1641 941 moribus

216 968 488 1019 symphoniam
516 968 665 1006 utinam
693 968 941 1007 imitarentur
970 968 1210 1015 christiani“,
1241 970 1313 1007 cet.
1336 968 1378 1018 1).

350 1033 472 1079 Quam
501 1035 547 1081 si,
577 1048 612 1070 v.
644 1034 708 1078 41,
740 1033 938 1082 Gruppius
959 1034 1081 1071 credit
1101 1046 1182 1070 esse
1202 1033 1416 1082 prosaicam
1432 1033 1642 1070 eorundum

218 1097 491 1135 vocabulorum
519 1097 559 1134 in
588 1111 623 1135 v.
654 1098 704 1134 25
734 1097 1017 1147 repetitionem,
1062 1110 1177 1147 quam
1213 1099 1256 1135 ut
1283 1096 1393 1143 v‘itet,
1435 1099 1641 1148 utrumque

218 1164 331 1199 caute
366 1162 479 1199 delet.
541 1162 708 1199 Tantum
738 1163 859 1207 abest,
896 1164 940 1199 ut
968 1162 1052 1200 haec
1081 1162 1260 1212 repetitio
1288 1162 1493 1199 Lehrsium
1521 1162 1641 1200 offen-

218 1226 297 1272 dat,
340 1228 383 1263 ut
425 1228 557 1264 contra
600 1226 787 1270 omnibus,
824 1239 910 1275 quae
940 1226 1144 1273 intersunt,
1187 1226 1354 1276 strophis
1384 1226 1556 1264 delendis
1585 1226 1641 1264 ita

217 1293 353 1340 aperte
379 1291 541 1328 scribat:

478 1392 669 1426 Contemptm
694 1390 837 1417 dominus
862 1390 1054 1426 splendidior
1077 1391 1132 1423 rei,

480 1445 578 1477 Quam
602 1445 639 1478 si,
663 1444 814 1479 quidquid
838 1446 904 1471 arat
927 1445 1059 1480 impiger
1082 1445 1213 1480 Apulus,

481 1499 644 1526 occultare
667 1499 745 1524 meis
769 1498 887 1524 dicerer
910 1498 1040 1529 horreis,

481 1552 610 1586 Magnas
634 1552 713 1578 inter
737 1559 813 1587 opes
837 1551 937 1586 inops,

480 1606 578 1637 Quam
602 1606 628 1632 si
652 1606 827 1640 Mygdoniis
850 1614 979 1639 regnum
1002 1605 1136 1640 Alyattei

481 1659 595 1693 Camps
619 1659 805 1690 continuem,

221 1743 261 1778 et
289 1755 375 1790 quae
404 1754 511 1790 sequ.

222 1815 373 1853 Deinde
417 1815 613 1866 Gruppius
656 1816 750 1854 dicit
793 1829 1018 1867 germanam
1062 1815 1243 1854 carminis
1284 1817 1436 1865 partem
1470 1829 1492 1853 a
1525 1829 1560 1854 v.
1593 1816 1640 1854 17

220 1880 341 1929 incipi
382 1894 507 1929 neque
550 1894 590 1918 se
634 1894 764 1918 errare
801 1894 844 1917 ex
875 1894 918 1917 eo
948 1880 1087 1930 collegi
1116 1880 1340 1925 arbitratur,
1378 1880 1476 1929 quod
1505 1894 1643 1918 nomen

222 1943 460 1990 Maecenatis,
491 1943 605 1994 quem
635 1944 844 1994 alloquitur
871 1946 997 1994 poeta,
1027 1946 1110 1981 tum
1137 1944 1178 1981 in
1207 1943 1332 1994 prima
1361 1944 1518 1994 stropha
1537 1944 1642 1982 insit.

221 2008 371 2045 Malum
414 2011 702 2058 argumentum!
759 2009 1067 2047 Usitatissimum
1110 2008 1212 2045 enim
1255 2011 1312 2046 est
1340 2008 1381 2045 in
1410 2008 1643 2046 carminibus

221 2072 360 2110 Horati
404 2086 478 2119 eos,
523 2086 617 2122 quos
658 2073 876 2123 alloquatur
911 2076 1036 2123 poeta,
1079 2073 1194 2123 longe
1224 2073 1272 2110 ab
1301 2072 1410 2110 initio
1439 2073 1641 2111 nominari.

222 2136 278 2174 Ut
320 2138 358 2173 in
403 2138 462 2174 od.
499 2136 530 2174 I:
562 2138 586 2173 4
617 2151 636 2174 e
666 2139 717 2173 20
753 2138 927 2174 versibus
957 2137 1166 2186 composita
1195 2136 1362 2174 Sestium
1391 2136 1575 2173 Horatius
1603 2137 1644 2173 in

220 2214 256 2238 v.
296 2201 344 2238 14
380 2200 602 2250 alloquitur,
632 2200 692 2238 od.
728 2199 758 2238 I:
791 2202 827 2246 6,
858 2202 880 2238 5
912 2200 1144 2251 Agrippam,
1173 2198 1203 2238 I:
1236 2200 1272 2247 7,
1305 2201 1353 2238 19
1382 2199 1581 2246 Plancum,
1611 2198 1641 2237 I:

202 2265 288 2310 17,
321 2266 369 2302 10
399 2264 634 2314 Tyndarida,
664 2264 694 2302 1:
726 2266 789 2310 20,
820 2266 843 2302 5
874 2265 1140 2310 Maecenatem,
1170 2266 1243 2302 cet.
1274 2267 1346 2302 cet.

358 2413 378 2450 1)
404 2419 571 2446 Occasione
603 2419 675 2447 data
698 2420 768 2447 Cru.
794 2420 979 2447 christianas
1002 2419 1165 2446 nonnullas
1188 2419 1392 2453 cogitationes
1416 2416 1644 2445 commentariis

221 2472 393 2499 horatianis
416 2473 551 2506 mandat,
576 2474 691 2508 quibus
713 2474 763 2500 his
786 2474 891 2500 verbis
914 2474 1005 2500 finem
1028 2473 1174 2508 imponit:
1200 2470 1276 2509 Eia,
1300 2478 1368 2509 aye,
1391 2472 1493 2499 macte
1515 2468 1644 2502 virtute,

221 2523 323 2554 nolito
346 2524 468 2563 timere,
485 2524 609 2562 pusille
629 2526 734 2563 μνη-Ι

1724 2773 1768 2856 {ahias
