1768 2856
796 161 975 199 -8-

178 269 352 307 codicum
393 269 682 306 horatianorum
724 268 939 318 scripturae,
974 268 1211 318 sequendum
1245 259 1472 318 plerumque
1501 257 1605 319 op‘ti-
1647 271 1656 278 '

178 346 328 371 morum
355 333 542 371 maiorem
569 334 797 370 numerum?
852 332 985 370 Nihilo
1014 332 1140 370 minus
1169 332 1304 370 Keller
1335 333 1377 370 in
1409 332 1607 383 praestan-²
1630 376 1633 377 ⁷
1676 384 1683 387 -

180 397 349 435 tissimos
384 397 600 447 philologos
629 396 789 444 (BentL.
818 397 977 435 Lachm.
1013 396 1117 445 cet.),
1146 396 1213 445 qui
1242 397 1323 434 cod.
1353 396 1401 434 V.
1431 396 1605 445 (blandi-

179 461 287 498 nium
315 460 637 509 vetustissimum)
666 460 800 510 magni
830 460 1085 506 aestimabant,
1115 459 1323 506 invehitur,
1354 460 1455 510 quod
1468 455 1470 457 ’
1484 474 1602 510 quum

184 525 265 564 cod.
309 525 358 564 V.
404 525 505 563 inter
552 527 631 563 tres
673 525 760 576 illas
805 525 945 563 classes
986 524 1197 570 vacillaret,
1233 524 1528 571 „eclecticismo“
1556 521 1634 570 se'

181 589 428 627 astrinxerint
453 589 495 638 ¹).
541 588 668 634 Quum
684 592 813 627 autem
828 590 911 639 ipse
929 589 1170 635 concesserit,
1193 602 1322 627 omnes
1350 589 1458 627 codd.
1478 589 1600 635 vacil-

180 654 273 699 lare,
294 646 535 703 quum²saepe
557 654 850 692 deterrimorum
876 654 1049 692 codicum
1068 652 1134 702 (ad
1153 653 1321 699 tertiam,
1342 667 1459 703 quam
1477 656 1600 699 vocat,

180 717 340 755 classem
370 718 532 755 maxime
575 718 868 767 pertinentium)
911 718 1094 755 lectiones
1114 717 1146 766 ²)
1189 720 1304 767 atque
1342 730 1445 767 saepe
1485 717 1602 755 e'tiam

179 795 305 820 meras
335 782 574 821 coniecturas
616 782 657 820 in
700 785 917 821 contextum
958 782 1150 832 receperit
1168 782 1214 831 ³),
1253 795 1339 831 quae
1377 782 1534 820 tandem
1561 782 1603 819 in

178 846 411 883 lectionibus
439 846 635 895 elegendis
665 849 723 883 est
750 848 857 883 recta
886 846 1020 883 critica
1046 846 1145 883 ratio
1163 846 1239 883 nisi
1258 846 1469 895 prudenter
1489 845 1603 882 adhi-

181 909 284 947 bitus
319 909 666 957 „eclecticism11s“?
722 908 826 948 Talis
869 923 957 948 vero
1002 909 1179 961 elegendi
1207 909 1320 948 venia
1348 909 1503 948 Kellero
1532 909 1602 948 soli

180 977 377 1012 reservata
406 989 480 1012 non
510 977 579 1012 est.

244 1076 247 1080 ,
292 1037 385 1092 νὃθᾶ
415 1038 462 1076 ad
490 1038 770 1088 hypercriticos
799 1038 1012 1076 redeamus.
1069 1037 1262 1084 Vidimus,
1293 1052 1424 1076 eorum
1453 1038 1600 1088 opinio-

180 1116 280 1148 nem,
311 1103 377 1152 qui
407 1103 577 1148 credant,
606 1116 790 1153 magnam
820 1103 977 1140 odarum
1005 1105 1157 1151 partem
1184 1102 1280 1140 falso
1301 1116 1383 1140 esse
1403 1103 1599 1147 insertam,

180 1166 220 1202 in
256 1168 452 1203 contextus
487 1166 680 1203 horatiani
708 1166 871 1203 historia
899 1165 1206 1215 testimoniisque
1236 1165 1470 1203 extrinsecus
1499 1165 1603 1215 peti-

179 1229 230 1266 tis
259 1243 397 1279 parum
425 1229 569 1268 habere
598 1230 772 1267 subsidii.
830 1229 875 1267 In
904 1229 1068 1279 singulis
1097 1229 1204 1267 tertii
1232 1230 1323 1267 libri
1343 1230 1436 1267 locis
1458 1230 1601 1267 exami-

180 1294 317 1330 nandis
347 1294 542 1339 intestina,
573 1307 659 1343 quae
685 1296 882 1339 vocantur,
910 1296 1139 1344 argumenta
1158 1293 1321 1331 maxime
1341 1293 1600 1343 inspiciemus,

186 1371 272 1407 quae
301 1371 376 1395 non
405 1358 491 1408 plus
512 1372 629 1408 quam
659 1360 816 1396 externa
844 1358 972 1396 valere
1001 1360 1106 1407 puto.
1153 1357 1353 1407 Praecipue
1373 1358 1605 1396 discordiam

184 1436 315 1460 eorum
345 1422 645 1468 observabimus,
676 1423 724 1460 ad
745 1436 861 1472 quam
891 1422 1164 1460 ostendendam
1185 1422 1299 1460 etiam
1319 1422 1384 1460 hic
1405 1421 1601 1472 Gruppius

181 1486 345 1524 maxime
366 1486 520 1525 videtur
541 1500 622 1524 esse
643 1487 961 1525 accommodatus.
1004 1479 1165 1532 Peerlc.,
1187 1486 1248 1525 cui
1267 1486 1456 1525 moderati
1476 1487 1601 1526 critici

181 1554 224 1588 ut
267 1551 486 1588 Meinekius
523 1552 549 1588 &
585 1551 629 1588 L.
659 1551 825 1589 Mueller
854 1551 1109 1600 amplissimas
1137 1551 1359 1588 tribuerunt
1386 1551 1531 1597 laudes,
1561 1552 1601 1588 in

182 1614 333 1664 Gruppi
367 1614 477 1652 libris
514 1615 663 1665 acerbae
692 1614 966 1665 vituperationi
995 1628 1097 1665 saepe
1126 1614 1322 1652 subiectus
1351 1617 1420 1652 est.
1477 1614 1602 1653 Lehr-

181 1679 280 1716 sium
322 1679 627 1729 hypercriticum
669 1679 838 1717 sodalem
873 1682 1005 1728 aperte
1039 1681 1180 1724 monet,
1223 1681 1266 1716 ut
1300 1679 1396 1716 fines
1425 1681 1464 1716 et
1492 1680 1602 1729 quasi

181 1743 364 1781 terminos
405 1743 553 1794 ingenii
594 1743 809 1793 indolisque
853 1745 1068 1793 cognoscat,
1111 1756 1207 1781 neve
1240 1745 1345 1780 extra
1374 1745 1537 1793 vagetur
1554 1744 1600 1793 4).

189 1807 362 1852 „Tales“,
392 1808 530 1857 inquit,
574 1807 766 1853 „homines
795 1808 835 1844 in
864 1807 1031 1845 hostium
1061 1807 1142 1844 acie
1171 1807 1302 1844 videre
1331 1807 1443 1844 malo.
1502 1807 1601 1852 Quid

184 1871 285 1908 enim
328 1871 566 1908 adversarios
608 1870 734 1920 magis
763 1870 917 1908 firmare
945 1872 1083 1920 potest,
1127 1883 1243 1919 quam
1278 1883 1407 1908 eorum
1436 1884 1603 1920 praema-

182 1938 271 1972 tura
312 1934 508 1972 festinatio
552 1937 590 1972 et
633 1948 791 1979 errores,
835 1935 902 1984 qui
944 1948 1010 1972 nos
1056 1934 1237 1972 adiuvare
1266 1935 1341 1972 sibi
1369 1935 1594 1974 videntur‘?“

183 1999 424 2048 Legentibus
453 1999 537 2036 haec
566 1999 674 2036 nobis
696 2001 733 2036 et
754 1999 1027 2049 cogitantibus,
1049 2001 1141 2048 quot
1160 2001 1306 2036 temere
1327 1999 1440 2037 dictis
1461 2000 1600 2037 errori-

183 2064 331 2113 busque
366 2063 449 2113 ipse
484 2076 524 2101 se
554 2063 811 2109 obstrinxerit,
856 2063 1011 2102 difficile
1041 2066 1098 2101 est
1128 2063 1288 2101 satiram
1316 2077 1391 2102 non
1419 2064 1602 2103 scribere.

182 2127 445 2166 Inconstantia
465 2128 497 2176 5)
528 2128 609 2165 eius
638 2128 715 2165 iam
745 2128 832 2165 inde
862 2131 1035 2177 apparet,
1066 2128 1167 2177 quod
1196 2128 1235 2164 in
1264 2128 1372 2165 initio
1401 2129 1505 2173 libri,
1535 2129 1602 2177 qui

274 2255 293 2292 ¹)
317 2260 437 2295 Epileg.
464 2261 534 2287 803.

272 2307 294 2344 ²)
319 2314 379 2340 αὴ.
403 2313 523 2347 Epileg.
548 2321 619 2347 pag.
644 2312 728 2338 vm.
1394 2317 1414 2329 -

272 2360 294 2397 ³)
318 2366 385 2393 Non
419 2374 541 2401 semper
576 2374 646 2392 eum
679 2365 738 2392 hoc
763 2365 919 2400 sapienter
942 2365 1052 2393 fecisse
1076 2366 1270 2393 arbitrantur
1293 2374 1318 2393 e.
1343 2374 1388 2400 gr.
1413 2366 1448 2393 L.
1472 2365 1604 2393 Mueller

182 2420 212 2446 in
235 2420 320 2454 prmf.
345 2420 405 2446 iam
429 2421 665 2446 commemorata
689 2420 719 2445 et
743 2419 899 2446 Nauckius
923 2419 953 2445 in
976 2420 1060 2453 praef.
1085 2420 1230 2446 editionis
1256 2421 1373 2446 lozmae.

272 2467 294 2504 ⁴)
318 2473 406 2500 Aeac.
434 2473 503 2499 122.

272 2521 294 2558 ⁶)
319 2527 379 2554 cfr.
406 2527 532 2553 Teuffel.
554 2527 615 2553 Lit.
632 2527 711 2554 Hist.
731 2528 790 2553 424
809 2535 886 2562 sqq„
903 2526 956 2553 ubi
974 2534 1040 2553 eam
1057 2527 1199 2554 omnibus
1215 2527 1429 2562 hypercriticis
1445 2526 1498 2554 dat
1513 2526 1600 2554 vitio.
