1768 2856
827 235 876 240 ..
906 212 1037 251 231—

58 311 78 367 'K
125 314 146 318 ⁴⁴
170 340 174 342 *
222 310 299 358 JEt„
316 318 559 369 superbiens:
608 320 793 368 „neque“‚
822 318 960 368 inquit,
996 319 1058 366 „in
1091 333 1184 358 voce
1216 320 1390 370 privatus
1423 322 1502 360 iam
1529 324 1634 373 quis-

221 387 340 435 quam
356 382 522 420 haerebit
540 382 743 431 amplius“.
790 381 887 420 Haec
906 385 1036 421 autem
1054 396 1142 432 spes
1161 397 1249 421 eum
1266 384 1419 422 fefellit.
1464 385 1635 437 Cuning-

221 444 374 485 'hamius
417 447 460 489 et,
496 444 636 483 Sanad.
680 458 700 483 e
742 445 872 484 codice
912 446 1040 498 nescio
1084 459 1157 497 quo
1188 448 1354 498 privatis
1383 451 1559 487 ementes
1588 451 1636 489 ab

78 500 81 508 ι
133 514 136 520 '
191 548 197 552 ,
220 510 458 548 incommodo
486 509 705 547 discessisse
733 509 808 547 sibi
835 510 1078 548 videbantur.
1134 510 1216 548 Alii
1241 513 1416 560 privatus
1448 513 1639 562 explicant

221 574 334 625 quasi
373 574 427 611 sis
462 574 650 623 privatus,
693 573 795 624 quod
835 586 911 612 non
953 574 1138 613 credibile
1171 574 1336 613 videtur.
1392 574 1533 614 Melius
1561 577 1639 615 iam

224 637 367 686 PorPh.
396 638 671 686 interpretatus
701 639 759 674 est
786 650 903 687 quum
929 639 983 675 sis
1003 640 1193 687 privatus.
1238 638 1364 683 Quum
1392 642 1521 677 autem
1540 640 1638 678 Mae-

223 712 350 749 cenas,
383 703 428 739 ut
454 700 615 752 vulgata
641 700 719 740 fert
747 701 885 752 opinio,
920 701 1097 753 Augusto
1127 703 1285 741 absente
1312 703 1520 753 praefectus
1549 704 1638 743 urbi

220 766 351 812 fuerit,
393 765 506 802 multi
545 765 614 802 illa
656 765 906 815 explicatione
931 761 1063 816 'quum
1089 768 1143 804 sis
1165 768 1342 816 privatus
1377 767 1633 815 offenduntur,

214 830 291 883 ‘sed
332 828 557 868 difficultate
599 843 640 868 se
681 829 849 868 liberant
890 832 957 868 aut
998 830 1168 869 dicentes
1210 845 1339 870 omnes
1372 846 1453 882 prae
1483 832 1637 871 Caesare

222 894 392 944 privatos
433 892 553 930 fuisse
596 896 663 930 aut
703 907 739 931 v.
775 907 807 931 c.
844 907 931 932 cum
957 893 1106 932 Rittero
1136 895 1336 934 addentes:
1380 897 1423 934 id
1449 901 1502 934 est
1529 897 1637 934 nullo

221 958 448 1008 mayistratu
483 957 620 1008 populi
659 958 768 996 iussu
794 958 994 1009 praeditus.
1059 958 1203 1010 Quippe
1231 961 1339 998 illam
1365 974 1499 999 curam
1527 966 1636 1000 extra

219 1023 391 1060 ordinem
432 1033 457 1059 α
499 1022 647 1059 Coesare
687 1027 888 1072 acceperat.
948 1023 1087 1060 Melius
1130 1024 1202 1060 erit
1240 1024 1385 1061 nullam
1412 1025 1491 1062 vim
1519 1026 1636 1063 verbo

223 1086 430 1125 obtrusisse
471 1085 548 1124 nisi
588 1099 684 1132 eam,
728 1099 813 1136 quae
841 1084 1011 1137 Augusti
1038 1088 1208 1137 tempore
1236 1101 1326 1126 vere
1353 1088 1394 1126 in
1423 1102 1465 1127 eo
1494 1088 1634 1136 inerat,

223 1151 371 1189 omissis
413 1151 588 1188 omnibus
630 1150 806 1199 argutiis.
861 1150 983 1187 Nobis
1016 1151 1087 1192 hoc
1116 1152 1443 1189 considerantibus
1473 1153 1630 1200 aptissi-

172 1264 176 1266 ,
219 1227 328 1252 11111111
368 1213 520 1252 videtur
561 1215 627 1251 aut
669 1226 756 1252 cum
796 1212 966 1252 Hoeckio
985 1212 1014 1265 1)
1055 1216 1192 1265 putare
1224 1213 1478 1254 Maecenatem
1519 1229 1632 1254 num-

222 1285 339 1329 quam
366 1279 485 1317 fuisse
513 1279 741 1328 praefectum
768 1280 868 1325 urbi,
904 1282 971 1316 aut
998 1282 1102 1317 certe
1131 1293 1217 1317 cum
1244 1280 1288 1317 L.
1318 1280 1505 1317 Muellero
1535 1281 1633 1318 Mae-

223 1344 398 1381 cenatem
439 1355 481 1381 eo
523 1344 695 1393 tempore
721 1355 811 1385 ‚non
851 1341 922 1380 tali
953 1355 1111 1381 munere
1138 1342 1313 1381 functum
1341 1356 1436 1381 esse.
1493 1342 1535 1382 Si
1562 1343 1634 1382 tali

220 1408 332 1448 modo
359 1422 443 1447 rem
471 1408 786 1458 expediverimus‚
821 1422 917 1455 „non
943 1407 1175 1446 haerebimus
1205 1409 1403 1458 amplius.“

353 1472 525 1510 Tandem
566 1471 599 1509 si
640 1484 769 1509 omnes
810 1471 890 1509 sive
931 1484 1042 1509 veras
1070 1471 1150 1509 sive
1178 1472 1289 1509 fictas
1317 1471 1565 1510 difficultates
1592 1472 1633 1509 in

221 1539 429 1587 conspectu
470 1536 655 1583 videmus,
696 1550 789 1574 num
816 1536 1027 1586 p'robabilis
1062 1550 1176 1575 causa
1206 1539 1275 1583 est,
1319 1550 1387 1574 cur
1415 1539 1483 1574 aut
1510 1539 1634 1575 totum

221 1614 378 1639 carmen
412 1602 478 1638 aut
512 1600 683 1650 aliquam
710 1600 889 1638 carminis
916 1602 1068 1649 partem
1095 1600 1267 1649 spuriam
1295 1612 1377 1637 esse
1407 1600 1632 1638 credamus?

224 1665 417 1716 Equidem
446 1665 606 1704 candide
635 1664 816 1703 confiteor
842 1677 903 1703 me
931 1663 1078 1702 nullam
1106 1664 1288 1714 reperire.
1332 1664 1510 1703 Editores
1532 1664 1635 1703 enim

221 1732 262 1767 et
297 1732 612 1767 commentatores
640 1729 680 1766 111
710 1729 944 1777 explicandis
972 1729 1099 1773 rebus,
1129 1741 1215 1777 quae
1244 1729 1390 1765 duobus
1419 1728 1500 1765 fere
1528 1728 1632 1764 mili-

222 1793 295 1831 bus
330 1806 515 1830 annorum
543 1794 631 1830 ante
659 1794 830 1829 nostram
858 1793 1011 1829 aetatem
1040 1793 1151 1842 gesta
1179 1791 1267 1837 sint,
1310 1791 1411 1829 inter
1439 1804 1522 1841 sese
1551 1790 1630 1828 dis-

219 1858 365 1895 sentire
401 1857 493 1907 quid
528 1859 597 1903 est,
633 1857 733 1905 quod
760 1856 967 1894 miremur?
1028 1854 1147 1893 Immo
1177 1856 1209 1893 si
1238 1856 1406 1893 omnium
1433 1855 1633 1893 sententiae

226 1923 498 1972 congruerent,
539 1920 659 1958 multo
700 1920 826 1970 magis
853 1919 994 1958 mirum
1023 1922 1123 1958 esset
1151 1919 1491 1966 considerantibus,
1520 1932 1636 1969 quam

219 1986 344 2024 multa
386 1986 432 2024 de
467 1985 582 2023 Hor:0
617 1985 762 2034 scripta
789 1985 878 2031 sint,
921 1997 1111 2034 quamque
1154 1984 1305 2022 diversa
1332 1984 1410 2021 sint
1436 1983 1634 2021 hominum

219 2049 364 2100 palata.
421 2049 544 2087 Multo
585 2049 676 2088 111110
716 2049 881 2099 tempori
921 2048 1116 2099 propiores
1157 2048 1264 2086 fuere
1307 2048 1525 2098 scriptores,
1568 2048 1636 2098 qui

221 2128 331 2164 paene
359 2115 520 2152 infinitis
549 2114 729 2164 explicati
757 2116 846 2151 sunt
880 2113 1174 2158 commentariis,
1203 2126 1330 2162 neque
1358 2115 1487 2150 tamen
1515 2126 1633 2162 prop-

220 2181 330 2217 terea
358 2173 624 2217 commenticia
653 2180 691 2216 et
718 2177 949 2228 interpolata
978 2190 1107 2215 eorum
1134 2177 1278 2227 scripta
1301 2177 1447 2215 habere
1466 2177 1506 2214 111
1524 2190 1633 2214 men-

220 2245 303 2281 tem
331 2243 511 2292 cuiquam
538 2242 650 2280 renit.

354 2307 495 2344 Procul
522 2308 643 2344 omnis
671 2310 744 2345 esto
771 2306 1114 2356 hypercriticorum
1141 2306 1282 2342 clamor
1309 2305 1345 2342 0⁰5
1371 2304 1456 2342 ira!

357 2446 377 2484 ¹)
400 2452 563 2480 Remische
587 2451 782 2484 efflandae,
806 2451 830 2478 1:
856 2452 928 2478 312.
