1768 2856
840 239 1050 276 -35—

367 347 522 386 Interea
565 345 843 384 observandum
885 347 955 390 est,
991 344 1108 382 etiam
1144 345 1314 383 codicem
1342 344 1472 383 bland.
1501 348 1655 397 vetust.

240 426 356 475 quem
381 411 516 449 Keller
542 410 669 447 tertiae
699 409 812 447 classi
846 410 1085 454 annumeiffat
1119 408 1228 446 nobis
1257 409 1433 458 praebere
1454 377 1656 448 lectioneni

239 471 336 518 male
363 475 552 521 minatis,
588 473 695 512 cuius
729 472 787 511 rei
819 471 954 511 Keller
981 471 1022 510 in
1051 472 1118 519 eis,
1148 486 1233 523 quae
1263 473 1311 511 ad
1339 472 1378 511 h.
1408 472 1434 511 l.
1465 486 1655 512 commen-

246 545 351 582 tatus
380 542 438 578 est
458 540 502 588 ¹),
530 538 676 576 nullam
709 537 805 576 facit
837 537 1081 575 mentionem.
1137 537 1259 575 Addit
1287 537 1374 576 Cru.
1403 538 1505 576 haec:
1536 532 1659 583 Quam

239 606 443 647 lectionem
473 603 621 642 omnino
651 602 764 641 credo
792 602 1019 641 servandam
1046 602 1149 641 reela
1192 602 1346 641 antibus
1373 602 1546 641 omnibus
1567 603 1653 642 aliis

243 671 366 716 mstis,
396 682 483 719 quae
511 668 648 718 legunt
675 668 891 705 nominatis.
934 667 1023 705 Non
1052 669 1121 713 est,
1151 681 1176 716 q
1228 668 1251 704 d
1279 667 1350 705 hoc
1379 667 1530 705 silentio
1549 682 1651 717 prae-

239 729 444 779 tereanffls,
487 745 605 782 quum
640 731 784 781 Cruqui
814 731 971 781 eiusque
998 731 1310 769 membranarum
1339 731 1546 770 auctoritas
1575 734 1656 770 tam

240 813 342 849 saepe
368 812 390 836 a
418 797 573 836 Kellero
602 797 642 834 in
671 796 948 834 dubitationem
975 798 1110 835 vocata
1139 799 1178 834 et
1205 797 1434 846 impugnata
1463 797 1524 835 sit.

367 861 625 899 Plurimorum
643 860 826 898 codicum
853 860 966 898 lectio
994 861 1199 898 nominatis
1226 873 1300 898 non
1325 863 1384 898 est
1403 863 1562 911 accepta
1581 861 1657 900 nisi

241 943 263 967 a
290 926 491 980 Lambino‚
532 926 599 976 qui
646 925 890 973 „dubitanter
932 928 970 964 et
997 925 1219 977 singulti1n“
1254 940 1339 964 eam
1368 926 1540 964 defendit
1569 941 1656 965 eum

240 1005 369 1043 graeca
397 1004 501 1036 voce,
545 1003 630 1039 quae
674 992 731 1027 est
774 989 993 1039 δυσώνυμος,
1038 1004 1272 1039 comparans⁷
1317 993 1355 1028 et
1396 993 1482 1040 post
1518 1004 1605 1028 eum
1634 1006 1657 1029 a

240 1056 390 1095 Rittero
433 1054 712 1105 Luebkeroque
761 1053 825 1103 (ne
873 1054 998 1093 dicam
1044 1054 1233 1093 Bondium
1262 1055 1433 1105 aliosque
1461 1055 1653 1094 minorum

241 1120 444 1171 gentium).
501 1119 654 1157 Bentlei
695 1119 856 1156 mutatio
897 1120 1116 1156 immina-tis
1143 1119 1333 1168 Haupti0‚
1363 1119 1570 1165 Meinekio,
1607 1120 1652 1157 L.

242 1184 440 1230 Muellero⁷
482 1182 659 1221 Nauckio
702 1182 863 1232 aliisque
896 1183 1086 1220 nonnullis
1115 1184 1277 1233 probata
1320 1186 1388 1221 est.
1459 1182 1655 1221 Praeterea

242 1249 405 1288 editores
446 1248 615 1286 retinent
643 1248 740 1285 male
773 1249 950 1285 ominatis
982 1262 1058 1285 una
1092 1261 1177 1286 cum
1211 1248 1331 1293 hiatu⁷
1362 1261 1476 1297 quem
1513 1248 1601 1286 inde
1633 1262 1656 1286 a

241 1313 415 1352 Bentleio
458 1326 586 1350 rerum
627 1312 875 1350 metricarum
903 1312 1156 1362 peritissimus
1186 1312 1347 1361 quisque
1377 1313 1586 1350 absurdum
1616 1315 1655 1350 et

241 1379 322 1417 sine
352 1377 520 1428 exemplo
551 1391 632 1415 esse
662 1377 801 1416 docuit.

370 1442 548 1481 Ceterum
595 1455 723 1480 omnes
770 1441 1154 1480 emendaturientium
1200 1444 1355 1479 conatus
1403 1444 1441 1479 et
1483 1442 1654 1480 diversas

242 1507 524 1557 explicationes,
567 1507 660 1556 quid
701 1507 775 1544 sibi
816 1506 936 1544 velint
976 1507 1138 1556 virqines
1181 1508 1218 1543 et
1260 1507 1419 1555 izmenes,
1461 1508 1572 1556 pueri
1614 1508 1654 1543 et

234 1572 386 1622 puellae,
431 1585 653 1609 enumerare
695 1571 852 1622 longum
894 1573 962 1608 est.
1037 1570 1078 1608 Si
1121 1571 1181 1608 cui
1223 1573 1374 1620 tempus
1417 1570 1652 1620 suppeditat,

239 1649 421 1687 magnam
449 1636 726 1674 sententiarum
755 1635 1035 1685 propositarum
1062 1637 1213 1685 partem
1233 1635 1335 1684 apud
1354 1634 1554 1673 Kellerum
1573 1635 1598 1673 l.
1621 1649 1652 1673 c.

239 1700 369 1752 legere
384 1703 521 1751 potest.
553 1700 697 1738 Versus
716 1700 813 1737 mihi
832 1700 987 1750 quidem
1006 1699 1150 1737 servari
1170 1713 1244 1736 non
1263 1713 1373 1749 posse
1393 1699 1558 1745 videtur,
1579 1700 1654 1737 nisi

241 1768 307 1803 aut
340 1765 493 1804 Bentlei
523 1765 805 1806 emendationes
833 1777 908 1802 non
936 1777 1004 1814 pro
1033 1765 1111 1801 iam
1139 1766 1177 1801 et
1205 1765 1426 1802 inem-matis
1454 1777 1523 1814 pro
1552 1765 1648 1801 omi-

239 1823 341 1867 natis
368 1831 585 1879 probamus,
616 1829 716 1877 quod
745 1829 777 1865 si
805 1828 861 1874 fit,
889 1829 986 1865 male
1014 1828 1125 1876 plane
1153 1841 1481 1876 supervacaneum
1510 1830 1548 1864 et
1578 1828 1651 1864 oti-

241 1906 346 1931 osum
374 1893 578 1944 supplendi
605 1892 755 1931 numeri
784 1905 898 1930 causa
926 1891 1160 1930 inculcatum
1189 1893 1257 1937 est,
1287 1893 1354 1929 aut
1381 1890 1530 1942 Bergki
1562 1904 1652 1929 con-

239 1957 439 2004 iecturam,
462 1971 578 2007 quam
595 1957 777 2007 optimam
791 1959 897 2007 puto,
914 1956 1163 2006 accipiamus:
1185 1957 1263 1993 iam
1281 1957 1405 1993 virum
1425 1960 1655 2006 eoepertoeque

238 2023 335 2060 male
376 2023 564 2060 ominatis.
627 2021 711 2067 Qua
754 2035 795 2059 re
837 2015 1087 2059 mutationem
1127 2020 1235 2057 illam
1267 2033 1342 2057 non
1370 2034 1438 2069 pro
1467 2022 1654 2057 mstorum

240 2086 318 2123 iam
360 2086 507 2124 amoliti
549 2086 652 2123 idem
694 2085 971 2135 consequimur,
1014 2097 1062 2121 ne
1096 2088 1256 2134 expertae
1284 2084 1333 2121 ad
1354 2084 1494 2133 puelloe
1521 2097 1654 2121 vocem

239 2150 433 2199 pertineat
452 2150 496 2199 2).
539 2150 681 2188 Hiatus
710 2149 1012 2188 commodissima
1039 2149 1186 2186 ratione
1221 2148 1377 2193 vitatur,
1408 2151 1523 2197 atque
1552 2148 1650 2185 illud

239 2226 308 2263 que
348 2214 389 2251 in
430 2214 537 2252 codd.
579 2227 649 2264 per
690 2213 790 2264 sigla
832 2212 1018 2262 scriptum
1058 2212 1242 2249 facillime
1272 2212 1443 2249 excidere
1471 2211 1654 2261 potuisse,

240 2290 358 2326 quum
398 2280 614 2328 praesertim
655 2277 805 2316 insolito
849 2279 949 2315 esset
989 2276 1081 2322 loco,
1125 2276 1210 2325 quis
1254 2278 1322 2322 est,
1366 2276 1460 2325 quin
1500 2276 1657 2314 videat?

373 2447 394 2485 ¹)
417 2453 537 2487 Epileg.
561 2452 585 2479 1:
611 2452 683 2484 235,
708 2459 753 2486 sq.

372 2500 394 2539 ⁹)
417 2507 484 2534 Hoc
506 2506 600 2533 etiam
622 2505 721 2533 Madv.
747 2503 832 2538 (Adv.
857 2505 931 2532 Crit.
955 2505 996 2532 11:
1022 2502 1073 2536 55)
1097 2505 1261 2532 assecutus
1277 2505 1335 2537 est,
1359 2505 1414 2539 qui
1436 2505 1576 2547 scripsit:
1594 2512 1658 2541 vos,

241 2563 259 2585 o
274 2557 376 2594 pueri
400 2560 428 2587 et
445 2557 565 2596 puelloe
588 2560 616 2586 et
651 2556 717 2586 iam
739 2555 848 2585 virum
871 2558 1021 2595 expevoeoe,
1044 2559 1102 2591 cet,
1126 2566 1186 2593 qua
1208 2559 1312 2585 tamen
1333 2558 1464 2585 lectione
1486 2559 1591 2585 hiatus
1614 2559 1658 2585 in-

240 2610 344 2640 tactus
366 2614 481 2641 manet.
