1768 2856
745 171 810 196 ·—
829 171 891 208 <59
921 186 977 197 ->

59 285 75 321 ,’
129 318 131 320 ,
156 277 413 329 applicemus:
449 276 628 314 immunis
655 289 792 313 manus
821 290 929 326 aeque
957 277 1129 326 placabit
1157 279 1246 316 deos
1274 279 1377 318 farre
1406 284 1444 318 et
1471 282 1571 320 mica

144 341 261 389 salis,
296 340 416 379 nihilo
445 340 593 391 gratior
620 330 752 378 futura
778 342 938 391 propter
965 344 1226 392 sumptuosam
1255 343 1432 384 hostiam.
1488 345 1571 384 Du-

160 409 309 446 entzero
347 407 386 443 et
423 404 618 443 Meinekio
647 405 809 443 candide
838 406 1121 444 concedendum
1150 409 1219 454 est,
1249 409 1454 447 verborum
1483 424 1571 448 con-

153 470 390 509 iunctionem
418 469 770 519 (constructionem)
798 470 870 508 hoc
897 471 1008 508 modo
1035 471 1120 509 fieri
1148 472 1387 521 implicatam
1416 476 1455 511 et
1483 487 1572 512 con-

114 541 115 544 ’
154 524 309 580 tortam,
337 534 405 572 sed
431 546 561 571 rerum
580 534 825 572 metricarum
855 534 1115 585 sermonisque
1144 527 1395 575 difficultates
1425 538 1573 576 evitan-

156 602 233 646 tur,
254 601 383 649 atque,
403 600 447 636 ut
465 598 544 636 iam
564 598 738 645 diximus
759 599 917 649 stropha
945 600 1167 638 melioribus
1195 602 1284 639 nixa
1313 604 1372 639 est
1399 603 1572 640 testimo-

154 664 242 710 niis,
272 676 388 712 quam
417 675 502 712 quae
531 663 664 713 spuria
691 662 827 701 haberi
854 664 987 714 possit.

744 978 982 1037 XXIV.

283 1114 408 1152 Minos
437 1113 492 1164 (p.
523 1115 613 1160 362,
643 1114 745 1164 sqq.)
775 1115 825 1152 du
842 1116 1061 1153 oscarminis
1081 1104 1309 1154 restituendi
1329 1118 1459 1155 modos
1479 1132 1570 1167 pro-

151 1179 273 1229 ponit.
331 1178 494 1217 Exsecat
527 1193 587 1217 vv.
618 1179 735 1225 5—8,
768 1180 829 1225 15,
862 1180 922 1225 16,
959 1180 1026 1217 sed
1053 1180 1140 1230 plus
1169 1181 1399 1219 audentibus
1428 1196 1569 1233 propo-

152 1244 222 1290 nit,
256 1246 300 1281 ut
334 1258 394 1282 vv.
427 1244 749 1289 1—8‚.15—24‚
780 1245 938 1281 60-64
966 1245 1147 1282 abiciant.
1205 1245 1312 1283 Dicit
1339 1245 1408 1283 hos
1437 1260 1569 1284 versus

153 1322 236 1346 esse
278 1301 423 1346 ieiunos
467 1310 505 1345 et
545 1301 746 1358 languidos
769 1307 810 1357 ¹),
854 1321 947 1357 quos
981 1308 1129 1346 excludi
1166 1309 1346 1347 carminis
1376 1312 1415 1347 et
1441 1313 1566 1360 poetae

152 1386 386 1423 magnopere
428 1373 626 1410 interesse.
681 1371 822 1417 Aliam,
867 1386 934 1410 cur
976 1373 1204 1419 excluderet,
1249 1387 1404 1411 causam
1433 1375 1566 1413 attulit

151 1437 309 1474 nullam.
365 1435 668 1485 Utrumcumque
705 1436 858 1473 modum
887 1436 1081 1485 amplexus
1111 1437 1198 1483 eris,
1228 1438 1472 1487 stropharum
1509 1439 1568 1476 di-

152 1501 420 1539 stributionem
449 1500 607 1545 delebis,
637 1500 737 1549 quod
764 1500 849 1537 fieri
878 1500 1058 1537 carminis
1088 1503 1126 1538 et
1151 1504 1274 1550 poetae
1294 1502 1356 1539 vix
1375 1502 1565 1540 intererit.

156 1565 321 1611 Aeacus,
352 1565 418 1614 qui
447 1564 542 1601 alias
570 1564 653 1601 vult
681 1564 853 1613 superior
881 1564 993 1601 iudex
1023 1578 1104 1601 esse
1124 1578 1304 1615 saepeque
1324 1565 1466 1604 iudicia
1486 1567 1566 1604 fra-

152 1630 223 1667 tris
264 1631 307 1667 ut
348 1629 491 1666 iniusta
533 1628 706 1677 abrogat,
748 1627 812 1665 hic
846 1628 1016 1666 fraterno
1046 1642 1173 1667 amore
1202 1632 1398 1678 permotus
1426 1631 1567 1668 mirum

148 1693 193 1731 :in
220 1694 374 1732 modum
403 1706 489 1731 cum
519 1706 560 1730 eo
591 1692 789 1730 consentit.
846 1691 1029 1730 Lehrsius
1058 1695 1181 1730 totum
1198 1707 1365 1732 carmen
1393 1695 1566 1741 retinuit,

147 1759 220 1797 >sed
248 1759 455 1809 apulicum,
484 1772 520 1796 v.
550 1759 586 1804 4,
617 1757 656 1795 in
685 1757 809 1795 linteis
836 1757 1013 1795 mutavit.

282 1823 479 1873 Gruppius
522 1822 616 1860 dicit
658 1821 792 1870 (Aeac.
838 1821 930 1870 110)
973 1821 1163 1860 Peerlc:m
1204 1825 1440 1872 postremam
1468 1827 1567 1862 stro—

146 1888 269 1938 jpham
311 1890 350 1926 et
394 1887 468 1925 alio
509 1886 590 1925 1000
625 1899 700 1932 sex,
730 1885 803 1923 alio
833 1885 925 1923 duos
953 1900 1087 1924 versus
1116 1888 1391 1937 repudiavisse.
1421 1888 1568 1927 Peerlc.

145 1954 281 1990 ‘tamen
322 1965 447 2001 neque
488 1965 672 2000 umquam
699 1949 896 1999 stropham
924 1953 1159 1999 postremam
1191 1966 1317 2001 neque
1352 1966 1415 1990 sex
1443 1967 1568 2003 neque

148 2017 243 2054 duos
284 2029 429 2062 versus,
473 2016 540 2053 sed
582 2029 641 2053 vv.
686 2015 788 2051 3-6
832 2014 986 2052 delevit.
1044 2015 1222 2054 Prienius
1250 2017 1365 2054 huius
1393 2018 1569 2067 sequitur

150 2081 377 2131 exemplum,
419 2094 509 2118 nam
550 2080 712 2118 sublatis
753 2079 813 2117 his
847 2092 908 2117 vv.
941 2081 988 2117 15
1019 2081 1187 2131 strophae
1216 2084 1375 2128 restant,
1406 2095 1569 2131 quarum

149 2146 318 2195 quinque
366 2145 575 2195 stropham,
628 2145 795 2194 quinque
844 2145 1138 2195 antistropham,
1193 2146 1362 2195 quinque
1421 2146 1567 2195 epodon

149 2210 277 2248 :facere
305 2211 428 2260 putat.
485 2209 632 2248 Peerlc.
662 2212 790 2247 autem
817 2224 877 2248 vv.
908 2211 1012 2247 3—(5
1044 2212 1082 2248 et
1110 2213 1267 2260 propter
1294 2210 1460 2248 incertas
1487 2210 1566 2249 lec-

147 2274 271 2313 tiones
300 2274 340 2311 in
368 2289 403 2312 v.
434 2275 458 2311 4
488 2276 526 2311 et
553 2276 711 2323 propter
739 2287 870 2311 versus
899 2274 970 2312 5:ti
991 2275 1102 2313 etsszti
1125 2275 1396 2313 obscuritatem
1411 2275 1566 2313 delevit.

278 2336 324 2376 In
357 2353 393 2377 v.
429 2339 454 2376 4
483 2338 630 2376 codices
659 2338 760 2375 inter
787 2338 983 2386 lectiones,
1013 2352 1100 2389 quae
1129 2342 1218 2377 sunt
1246 2340 1451 2389 apulicum,
1490 2353 1566 2390 pu-

151 2401 299 2453 blicam,
322 2405 518 2453 ponticum
546 2403 741 2441 vacillant.
807 2402 933 2448 Quum
968 2404 1164 2454 publicum
1206 2404 1323 2441 etiam
1351 2404 1391 2441 in
1420 2405 1500 2442 cod.
1529 2404 1567 2442 V

283 2542 303 2580 ¹)
330 2548 503 2582 „Unerhbrt
523 2544 719 2583 prosaisch‘ss
746 2547 859 2582 „vbllig
881 2547 966 2575 lahm
1009 2548 1073 2575 und
1096 2545 1285 2575 crkiiltend.“
