1768 2856
771 164 1041 201 ·-22—

222 269 364 321 placet,
396 283 416 308 e
445 270 553 309 codd.
583 270 776 308 nonnullis
804 283 956 309 sumere
974 283 1175 321 possumus
1187 270 1335 323 profer.
1364 270 1546 322 Utraque·
1559 284 1642 318 vox,

223 337 267 372 ut
297 337 402 385 puto,
431 335 573 372 bonam
602 334 720 372 efficit
748 335 992 373 sententiam.
1521 384 1524 387 Ι
1670 380 1673 382 ,

351 398 494 436 Procul
536 400 656 435 omnis
698 403 772 436 esto
813 398 956 436 clamor
997 399 1033 437 <fi
1065 400 1139 436 ira.
1203 397 1352 437 Peerlc.
1380 399 1543 437 miratus
1572 391 1658 445 est,

221 476 315 501 num
356 462 549 501 Maecenas
592 465 630 501 et
672 462 857 501 Horatius
899 463 1018 501 istum
1059 463 1263 502 clamorem
1306 466 1345 501 et
1372 464 1472 501 iram
1498 457 1656 501 moturiv
1687 508 1693 510 ξ

222 528 360 565 essent.
410 525 535 573 „Nam
563 526 609 564 de
639 526 764 573 aliis“,
793 526 932 576 inquit,
968 527 1157 574 „convivis
1185 526 1285 570 nihil
1311 526 1491 578 legimus,
1512 530 1639 578 neque

224 604 269 629 ex
303 591 473 629 carmine
508 591 748 641 suspicamur
776 591 907 640 plures
935 592 1195 630 interfuisse¹‘.
1252 591 1328 629 Sed
1356 582 1424 629 cur
1451 605 1527 629 non
1536 590 1642 641 *plu-

1634 0 1768 28 nm*

223 667 284 692 res
313 654 574 698 interfuerint,
603 668 679 693 non
705 654 821 693 facile
848 654 1103 706 intellegitur.
1159 654 1279 694 Poeta
1306 655 1370 694 hic
1389 654 1643 701 Maecenatem
1700 652 1702 654 ’

222 719 375 765 invitat,
404 722 448 757 ut
468 720 639 757 convivio
660 719 824 765 intersit,
844 733 971 769 neque
991 720 1201 769 quidquam
1219 719 1412 769 prohihet,
1441 719 1642 768 quominus

220 784 436 821 statuamus
480 796 568 821 eum
596 783 690 821 alios
719 796 869 834 quoque
898 783 1095 823 invitasse.
1152 782 1293 823 Contra
1322 782 1538 822 convivium
1565 782 1642 834 vile

221 847 396 884 futurum
424 848 542 885 fuisse
571 848 736 893 videtur,
765 848 841 885 nisi
868 848 999 897 plures
1027 862 1143 898 quam
1185 848 1257 885 duo
1300 846 1525 884 adfuissent.
1590 847 1644 884 Et

221 909 316 948 Hor.
361 912 400 949 et
441 910 633 949 Maecenas
681 911 803 949 multa
852 912 1026 951 convivia
1071 926 1147 950 non
1188 911 1269 950 sine
1311 910 1499 949 sodalium
1541 912 1640 949 stre-

220 975 307 1025 pitu
354 974 657 1022 celebraverant,
703 977 770 1014 ubi
817 990 942 1026 neque
990 977 1133 1015 clamor
1179 990 1304 1025 neque
1351 976 1410 1013 ira
1452 975 1640 1021 defuerat,

222 1051 343 1088 quare
378 1039 620 1090 aptissimum
654 1042 712 1077 est
740 1039 902 1078 Hormm
931 1040 1103 1078 animum
1130 1039 1353 1079 Maecenatis
1381 1038 1639 1089 tranquillan-

221 1105 302 1141 tem
342 1104 517 1153 polliceri
559 1105 775 1142 convivium
816 1105 991 1154 quietum
1034 1108 1073 1143 et
1110 1105 1305 1154 placidum
1337 1104 1512 1142 futurum
1545 1117 1640 1141 esse.

221 1166 407 1204 Lehrsius
435 1168 491 1204 ita
519 1180 601 1204 rem
630 1168 826 1214 describit,
856 1168 967 1218 quasi
996 1168 1044 1205 ad
1072 1168 1192 1206 fustes
1222 1170 1260 1206 et
1283 1179 1433 1218 pugnos
1451 1166 1639 1214 venerint,

224 1230 264 1270 id
293 1232 394 1282 quod
427 1232 534 1271 nulla
562 1247 604 1272 re
633 1233 674 1271 in
703 1233 871 1272 carmine
899 1233 1105 1280 indicatur,
1136 1235 1174 1272 et
1201 1235 1325 1271 mutat
1353 1233 1472 1271 verba
1499 1233 1642 1270 clamor

222 1299 256 1331 et
297 1297 360 1332 ira
402 1296 443 1333 in
484 1309 579 1333 cura
611 1297 751 1345 futuri.
810 1296 918 1341 Quod
947 1297 980 1334 si
1007 1297 1078 1334 tali
1105 1297 1214 1334 modo
1243 1296 1291 1333 ad
1318 1295 1521 1333 libidinem
1548 1308 1636 1333 ver-

223 1359 360 1399 borum
403 1363 620 1400 contextum
654 1361 802 1414 fingere
830 1361 934 1409 licet,
965 1375 1095 1401 omnes
1124 1361 1276 1402 criticas
1305 1360 1480 1412 quamvis
1507 1359 1639 1412 impli-

224 1427 329 1461 catas
362 1426 480 1463 tricas
513 1427 628 1463 facile
658 1429 696 1463 et
724 1427 918 1464 commode
948 1427 1134 1464 extricare
1168 1438 1379 1475 possumus,
1409 1438 1534 1478 neque
1564 1425 1639 1462 erit

224 1487 379 1527 difficile
408 1490 640 1528 sententiam
668 1490 882 1541 quamlibet
911 1490 1076 1541 assequi,
1110 1490 1166 1529 ita
1193 1492 1334 1532 tamen.
1363 1491 1407 1553 ut
1434 1488 1640 1540 paullatim

223 1553 339 1590 editio
381 1554 584 1591 horatiana
627 1556 827 1600 efficiatur,
870 1556 938 1592 ubi
965 1568 1092 1604 neque
1121 1568 1141 1592 e
1169 1555 1296 1592 verbis
1323 1567 1448 1603 neque
1478 1567 1521 1591 ex
1550 1567 1637 1591 sen-

223 1617 356 1655 tentiis
382 1618 560 1657 codicum
587 1619 669 1657 fere
699 1619 909 1670 quidquam
937 1621 1069 1658 restet.
1126 1618 1312 1669 Exempla
1338 1632 1414 1657 non
1443 1618 1593 1656 desunt.

350 1683 533 1721 Extrema
561 1685 720 1733 stropha
750 1685 918 1722 omnium
946 1685 1155 1722 maximum
1181 1684 1379 1733 negotium
1407 1683 1552 1721 criticis
1573 1696 1637 1720 ex-

219 1744 361 1783 hibuit.
417 1745 591 1784 Primum
634 1748 803 1785 omnium
846 1748 892 1786 de
934 1748 973 1786 vi
1016 1750 1055 1785 et
1096 1747 1283 1797 positione
1310 1746 1420 1785 verbi
1447 1747 1639 1797 neyleyens

219 1808 469 1859 disputatum¹
494 1813 563 1858 est,
599 1825 833 1862 quamquam
866 1812 945 1850 iam
972 1814 1135 1862 uterque
1164 1811 1279 1850 schol.
1307 1810 1501 1862 probabili
1528 1810 1638 1849 modo

217 1873 496 1923 interpretatus
526 1878 583 1913 est
611 1877 856 1926 neyleqentem
883 1877 948 1915 hic
977 1890 1059 1914 esse
1087 1888 1258 1913 securum
1287 1878 1326 1913 et
1351 1876 1399 1912 ad
1417 1874 1638 1925 Vergilium

219 1935 287 1985 (A.
321 1938 455 1988 1350)
485 1939 692 1990 delegavit,
728 1941 817 1987 „ubi
847 1955 866 1980 e
896 1942 1086 1980 contrario
1115 1941 1235 1993 Verg.
1256 1957 1433 1982 securum
1451 1958 1520 1994 pro
1539 1957 1636 1995 neg-

216 2000 366 2052 legenti
407 2004 553 2053 posuit:
597 2018 754 2043 securus
791 2020 963 2045 amorum
991 2009 1226 2058 germanae“.
1282 2007 1373 2046 Sine
1403 2008 1517 2047 dubio
1546 2022 1635 2047 sen-

217 2067 354 2114 tentia,
385 2082 472 2118 quae
501 2069 687 2118 sequitur,
717 2084 763 2108 ne
791 2084 867 2121 qua
889 2072 1058 2121 populus
1077 2071 1226 2121 laboret,
1247 2073 1390 2122 pendet
1410 2087 1453 2111 ex
1472 2076 1636 2123 utraque

216 2144 307 2169 voce
336 2126 529 2183 neqleqehs
559 2136 597 2171 et
625 2147 753 2171 carere
781 2132 853 2171 ἀπὸ
881 2139 1016 2182 κοινοῦ,
1046 2137 1089 2173 ut
1117 2136 1326 2186 saepissime
1354 2137 1411 2175 fit.
1455 2137 1637 2175 Privatus

215 2196 421 2234 maximam
450 2198 631 2235 carminis
661 2198 929 2237 difficultatem
958 2200 1129 2238 continet
1158 2202 1274 2250 atque
1294 2201 1422 2240 nescio
1443 2204 1535 2252 quot
1553 2215 1635 2240 mo-

216 2259 274 2296 dis
309 2260 542 2310 explicatum
578 2262 640 2299 sit.
698 2262 888 2312 Cruquius
918 2263 1131 2302 annotavit:
1168 2277 1243 2302 non
1271 2266 1313 2303 in
1339 2265 1424 2314 foro
1447 2266 1637 2316 publicus,

215 2323 280 2361 sed
312 2325 417 2362 intra
438 2327 606 2375 parietes
636 2328 823 2377 privatus.
880 2327 1008 2367 Bentl.
1037 2330 1150 2378 putat
1178 2330 1297 2368 verba
1322 2343 1436 2380 parce
1457 2332 1636 2381 privatus

214 2400 341 2425 cavere
386 2389 490 2427 idem
543 2391 764 2441 significare
813 2393 913 2442 quod
960 2393 1040 2431 noli
1085 2395 1141 2431 rei
1185 2394 1380 2444 familiari
1427 2395 1633 2443 consulere,

218 2453 386 2503 “quippe
414 2468 497 2492 rem
525 2468 635 2493 suam
661 2456 893 2495 familiarem
911 2460 1085 2507 privatus
1106 2461 1215 2497 curat
1235 2459 1352 2497 etiam
1371 2460 1633 2513 magistratu&

214 2516 332 2555 etiam
362 2518 394 2555 si
423 2532 498 2557 non
526 2520 734 2569 praefectus
763 2522 873 2560 mode
902 2522 1021 2568 urbis,
1051 2522 1118 2560 sed
1148 2523 1250 2561 orbis
1275 2524 1456 2573 princeps
1475 2523 1632 2561 fuerit‘n
