1768 2856
192 287 268 322 que
296 275 419 325 igitur
448 276 626 325 strophas
656 290 738 314 esse
767 290 985 327 germanas,
1015 278 1066 315 33
1095 279 1259 327 spurias.
1316 279 1379 327 (In
1406 280 1520 331 longo
1544 280 1611 318 illo
1665 288 1669 292 “

191 338 305 377 tertio
350 339 519 377 carmine
563 353 606 377 ex
651 341 699 377 18
742 343 810 378 str.
848 341 1054 391 composito
1095 342 1334 391 sesqualtera
1367 343 1526 394 stropha
1566 343 1614 382 fit

192 417 391 454 germana,
434 404 585 453 reliqua
628 404 754 442 omnia
797 405 1046 455 abiciuntur).
1116 405 1189 443 His
1231 407 1401 456 quinque
1443 408 1610 458 strophis

190 469 303 507 valde
338 469 565 515 delectatur,
609 469 710 519 quod
745 469 823 507 sint
851 483 996 508 summo
1027 470 1189 509 artificio
1217 470 1352 509 factas.
1414 470 1612 511 “Restitu-

191 534 356 572 tionen1“
391 548 501 571 suam
530 534 786 572 certissimam
815 548 896 573 esse
925 537 1038 584 putat
1066 534 1232 585 (‚,v611ig
1260 536 1442 585 sicher“).

323 597 475 635 Aeacus
518 598 659 647 gaudio
702 599 835 636 fratris
877 612 952 637 non
994 599 1161 637 laetatur.
1217 599 1380 637 Peerlc:i
1408 589 1613 639 sententiae

193 662 320 712 magis
356 662 540 700 accedens
579 675 598 700 e
627 662 858 713 fragmentis
887 663 1101 712 primarum
1130 665 1310 713 quattuor
1340 664 1497 702 odarum
1525 678 1610 703 car-

191 740 280 764 men
309 726 529 776 gnomicum
558 727 679 772 finxit⁷
710 727 810 776 quod
840 741 860 764 e
892 727 940 764 16
970 727 1138 777 strophis
1168 729 1327 765 constat.
1372 728 1421 765 42
1443 728 1613 778 strophae

192 790 457 829 exturbantur.
515 790 600 836 Qua
642 804 683 829 re
725 793 838 841 putat
880 804 920 829 se
964 805 1118 829 carmen
1160 804 1343 838 servasse,
1381 793 1481 842 quod
1509 792 1613 831 inter

191 855 467 905 pulcherrima,
496 856 827 905 praestantissima,
849 855 1101 893 subtilissima
1120 855 1340 894 habendum
1360 857 1422 894 sit.
1463 856 1606 903 “Dum“

191 919 329 969 inquit,
380 933 587 967 „annorum
629 920 710 957 fere
757 919 864 956 milia
892 920 1176 968 praeterierunt,
1211 920 1436 970 priusquam
1464 923 1613 958 sartum

193 986 251 1022 est
280 984 595 1023 detrimentum⁴⁴.

320 1048 544 1098 Numquam
578 1048 829 1098 hypercritici
857 1049 1042 1086 maiorem
1073 1062 1191 1098 quam
1219 1049 1259 1086 in
1287 1049 1348 1086 his
1377 1050 1613 1087 carminibus

189 1113 521 1163 perturbationem
572 1112 908 1162 confusionemque
959 1114 1207 1159 creaverunt,
1255 1126 1379 1163 neque
1429 1127 1612 1164 umquam

189 1178 316 1227 magis
363 1178 517 1215 infirma
563 1191 630 1215 seu
677 1178 804 1227 potius
851 1177 958 1214 nulla
999 1177 1156 1215 fuerunt
1198 1191 1328 1215 eorum
1369 1180 1611 1228 argumenta.

192 1240 375 1286 Quamvis
406 1242 588 1279 contrarii
617 1242 718 1279 inter
746 1254 829 1278 sese
850 1241 927 1278 sint
947 1241 1071 1278 Minos
1093 1241 1119 1277 &
1140 1240 1303 1286 Aeacus,
1333 1243 1463 1278 tamen
1483 1241 1612 1291 Grup—

189 1305 277 1355 pius
319 1308 457 1356 putare
492 1305 645 1344 videtur
679 1305 885 1355 imperiosa
913 1305 1114 1355 utriusque
1144 1305 1299 1343 decreta
1327 1305 1431 1343 velut
1458 1305 1611 1344 mathe-

188 1370 418 1407 maticorum
460 1369 650 1407 axiomata
693 1369 932 1419 argumentis
976 1369 1150 1406 omnibus
1194 1368 1324 1407 carere
1366 1382 1488 1418 posse.
1555 1368 1613 1407 Ut

191 1433 286 1473 dicit
327 1433 428 1473 hanc
470 1433 533 1473 vel
574 1433 681 1472 illam
725 1433 923 1484 stropham
966 1433 1198 1484 abigendam
1241 1447 1334 1480 esse,
1383 1446 1612 1485 quamquam

189 1498 240 1536 sit
269 1498 542 1548 pulcherrima,
571 1499 718 1536 nullam
742 1501 931 1548 praeterea
952 1512 1104 1536 causam
1125 1498 1300 1544 afferens,
1322 1501 1394 1536 cet.
1443 1498 1610 1536 Maxime

189 1562 289 1600 mira
331 1576 400 1601 sua
443 1565 481 1601 et
524 1563 790 1602 commenticia
832 1562 1023 1601 sententia
1065 1562 1278 1613 legentium
1319 1565 1472 1613 tempus
1505 1563 1609 1609 terit,

190 1640 266 1675 qua
310 1627 433 1664 credit
475 1626 690 1676 complures
733 1629 974 1675 corruptores
1017 1627 1065 1663 ad
1108 1626 1419 1675 interpolantium
1455 1640 1610 1676 operam

189 1690 395 1728 contulisse
439 1692 477 1728 et
520 1690 719 1729 ostendere
763 1692 932 1735 conatur,
976 1689 1043 1728 ubi
1078 1689 1176 1727 alius
1204 1689 1385 1736 finiverit,
1420 1690 1610 1741 inceperit

189 1755 299 1799 alius,
344 1755 435 1791 dum
468 1755 552 1793 haec
587 1755 706 1804 plaga
734 1757 1010 1803 pertexeretur,
1047 1768 1123 1802 qua
1151 1754 1326 1800 tamdiu
1354 1754 1526 1791 homines
1554 1747 1618 1791 ir·-

189 1818 297 1856 retiti
339 1820 440 1856 sunt.
497 1817 624 1856 Simili
666 1818 813 1855 ratione
848 1817 1025 1855 Prienius
1061 1817 1154 1867 egit.
1218 1817 1336 1862 Quasi
1364 1817 1532 1867 positum
1560 1818 1611 1856 sit

191 1885 230 1919 et
259 1895 478 1920 concessum
508 1896 617 1920 suam
647 1882 823 1931 quodque
853 1895 1007 1920 carmen
1036 1881 1234 1930 stropham
1264 1884 1302 1919 et
1330 1882 1613 1932 antistropham

188 1946 346 1992 habere,
389 1960 458 1996 pro
494 1946 733 1996 argumentis
770 1946 859 1983 odas
888 1944 958 1984 III:
992 1946 1093 1983 1——3
1124 1946 1342 1984 decurtatas
1372 1948 1410 1984 et
1439 1946 1609 1997 castiga-

188 2013 248 2048 tas
282 2011 415 2049 formis
450 2011 602 2049 excudit
636 2011 740 2060 ipsas
769 2024 838 2059 pro
867 2024 907 2048 se
936 2012 1108 2048 tacentes
1138 2010 1304 2048 clamare
1333 2013 1485 2060 putans.
1542 2010 1609 2048 In-

187 2075 341 2113 terdum
383 2075 465 2113 sine
508 2074 585 2112 ullo
627 2074 757 2112 labore
800 2088 881 2112 rem
915 2074 970 2112 ita
1006 2074 1170 2124 expedit,
1206 2077 1249 2112 ut
1277 2075 1411 2124 primae
1440 2075 1610 2125 strophae

188 2139 368 2177 carminis
411 2139 570 2189 stropha
611 2139 718 2183 fiant,
762 2151 847 2188 quae
890 2139 1059 2188 proxime
1097 2141 1310 2187 sequuntur
1353 2139 1607 2189 antistropha,

186 2203 346 2252 reliquae
390 2203 620 2241 abiciantur.
684 2201 739 2241 Ut
781 2202 820 2240 in
864 2203 1033 2241 carmine
1061 2202 1176 2240 huius
1204 2202 1296 2240 libri
1325 2205 1460 2252 quarto
1490 2216 1510 2241 e
1539 2205 1606 2241 str.

187 2269 302 2304 2-6
345 2268 455 2304 finxit
496 2267 707 2316 stropham,
751 2280 771 2305 e
813 2270 880 2304 str.
927 2267 1054 2304 7—11
1101 2267 1392 2316 antistropham,
1435 2267 1605 2316 reliquas

186 2344 323 2368 novem
358 2331 589 2381 repudiavit.
635 2353 684 2356 —
726 2330 851 2368 Minos
881 2344 912 2369 c.
944 2331 980 2376 5,
1010 2329 1188 2367 Prienius
1219 2344 1251 2368 c.
1282 2331 1304 2368 5
1336 2332 1374 2368 et
1404 2331 1426 2368 6
1456 2330 1607 2369 silentio

186 2395 388 2445 praeteriit,
439 2396 518 2433 sive
562 2395 662 2445 quod
704 2395 802 2433 nihil
842 2395 1069 2433 invenerant
1112 2395 1284 2445 dignum,
1328 2396 1428 2445 quod
1474 2408 1607 2445 repre-

179 2458 433 2505 henderetur,
481 2473 548 2496 seu
596 2459 686 2508 quia
732 2460 853 2497 nubes
902 2461 940 2496 et
986 2458 1116 2496 inania
1158 2459 1345 2508 captando
1403 2459 1608 2510 defatigati

185 2526 308 2561 erant.
367 2522 449 2568 Quo
483 2523 628 2561 factum
665 2526 734 2569 est,
778 2527 821 2561 ut
849 2524 932 2562 haec
962 2523 1132 2561 carmina
1160 2523 1306 2561 minore
1335 2538 1451 2573 quam
1480 2526 1608 2562 cetera
1640 2528 1642 2530 '

304 2691 315 2708 N
