1768 2856
845 189 1056 226 -36-

236 294 397 335 Insolita
416 295 531 336 huins
550 296 653 335 vocis
674 295 870 335 collocatio
889 309 965 334 non
985 298 1044 334 est
1062 296 1163 346 quod
1183 296 1351 335 offendat
1371 296 1473 347 apud
1490 297 1658 346 poetam,

237 361 397 399 minime
426 361 528 411 apud
557 359 763 398 Horatium
784 360 827 410 ¹).
870 359 912 404 Si
939 359 1040 399 hanc
1068 359 1426 411 interpretationem
1450 360 1659 411 sequimur,

239 425 275 464 ei
304 426 372 476 qui
400 425 544 464 festum
572 425 621 463 ad
649 424 821 475 Augusti
841 425 999 475 eiusque
1018 424 1187 463 militum
1205 425 1371 476 gloriam
1391 425 1661 465 celebrandam

237 490 545 540 frequentarunt,
588 489 628 526 in
669 489 746 527 tria
787 502 932 540 genera
974 489 1232 527 distribuendi
1273 492 1378 528 sunt:
1398 490 1438 540 1)
1471 490 1660 528 Matronae

236 554 400 592 maiores
440 555 548 599 natu,
591 566 678 603 quae
711 566 822 600 sacra
856 553 1025 591 faciendi
1052 566 1210 591 munere
1238 553 1382 592 functae
1410 555 1501 592 sunt
1518 542 1657 602 (Livia

237 617 411 663 Octavia,
454 617 652 668 virginum
687 608 952 667 &venumque
993 617 1167 667 matres),
1213 617 1255 667 2)
1290 617 1437 656 Chorus
1472 617 1602 668 (pueri
1631 617 1659 655 &

237 682 409 732 puellae),
426 682 468 732 3)
497 681 618 720 Novae
652 684 784 732 nuptae
814 681 1002 732 (virgines
1032 699 1061 713 =
1091 682 1169 720 iam
1197 682 1323 720 virum
1352 685 1530 732 expertae.
1580 682 1659 721 Gfr.

238 746 391 784 Petron.
423 759 507 796 cap.
531 746 620 791 127,
640 747 675 783 si
693 759 769 783 non
787 746 944 795 fastidis
961 745 1146 794 feminam
1165 749 1339 783 ornatam
1358 750 1392 783 et
1409 746 1476 783 hoc
1488 747 1661 797 primum

237 823 339 856 αηηο
379 812 505 847 virum
547 811 767 860 apertam).
824 809 910 847 Tali
950 810 1060 847 modo
1104 810 1216 848 credo
1259 809 1385 847 omnia
1426 810 1467 847 in
1501 810 1661 860 stropha
1711 838 1713 841 -

239 874 423 923 explicari
450 886 561 923 posse
591 876 630 911 et
657 887 811 911 versum
839 874 997 919 servari,
1028 874 1094 923 qui
1122 876 1274 911 tantum
1292 874 1453 923 negotii,
1474 876 1660 923 quantum

237 937 462 989 paucissimi
490 951 623 976 versus
651 937 856 984 horatiani,
886 937 1164 988 interpretibus
1192 937 1400 976 facessivit.

368 1002 575 1052 Reliquam
622 1002 802 1040 carminis
848 1002 1116 1040 infirmitatem
1162 1002 1362 1053 denegare·
1402 1003 1660 1054 captiosorum

183 1089 186 1091 -
239 1066 522 1116 disputatorum
550 1066 704 1104 videtur
733 1079 827 1104 esse.
879 1065 965 1104 Iam
991 1066 1032 1108 in
1052 1054 1170 1104 'i‘nitio
1198 1066 1362 1115 scriptor
1381 1066 1549 1104 romanis
1570 1079 1660 1104 con-

238 1130 381 1168 vicium
422 1130 518 1168 facit
561 1130 718 1180 (plebs),
747 1143 872 1179 neque
902 1119 1006 1168 enim
1034 1130 1181 1180 aequale
1210 1130 1404 1168 invenitur
1433 1130 1659 1180 exemplum,

238 1195 306 1231 ubi
333 1194 459 1243 plebis
488 1208 558 1231 vox
585 1194 732 1231 nullam
760 1194 800 1231 in
829 1207 869 1231 se
899 1194 1192 1243 contemptionis
1222 1197 1260 1231 et
1289 1194 1550 1243 despicientiae
1579 1194 1661 1231 vim

238 1258 394 1295 habeat.
451 1257 510 1295 Sit
546 1271 638 1294 sane
678 1271 813 1295 verum
854 1257 994 1294 Horati
1023 1260 1137 1295 aetate
1164 1256 1312 1294 uullum
1345 1257 1426 1294 fere
1456 1257 1661 1295 discrimen

238 1322 340 1360 inter
375 1322 562 1372 populum
605 1323 644 1360 et
670 1321 814 1372 plebem
842 1321 1117 1368 intercessisse,
1147 1322 1214 1360 sed
1242 1324 1448 1371 utrumque
1475 1335 1551 1360 non
1578 1321 1660 1360 sine

239 1388 461 1434 contemptu
490 1386 703 1423 dicebatur.
746 1384 806 1422 Ita
836 1386 938 1422 enim
967 1399 990 1422 a
1017 1386 1265 1430 nobilissimo,
1297 1386 1525 1431 doctissimo,
1556 1385 1656 1423 divi-

239 1449 387 1489 tissimo
430 1463 581 1500 quoque
623 1449 758 1501 volgus
794 1449 1065 1500 appellabatur
1083 1450 1127 1500 2).
1192 1450 1307 1489 Um'co
1336 1449 1561 1501 ambiguum
1590 1452 1659 1489 est.

238 1515 322 1552 Alii
350 1515 450 1552 hanc
478 1528 611 1552 vocem
638 1515 741 1551 idem
770 1515 870 1563 quod
899 1514 1148 1564 singularem,
1193 1515 1394 1564 egregium
1423 1515 1657 1564 significare,

239 1578 307 1616 alii
348 1578 503 1616 laudem
544 1578 670 1616 uxoris
714 1577 876 1616 Gaesaris
919 1578 1113 1617 continere
1154 1580 1305 1628 putant,
1349 1578 1449 1628 quod
1477 1591 1550 1616 uno
1578 1578 1659 1617 viro

240 1645 419 1680 contenta
463 1645 558 1687 erat,
608 1656 715 1691 „quae
757 1642 840 1679 laus
883 1642 983 1679 foret
1023 1642 1187 1680 ridicula
1229 1644 1268 1679 et
1301 1655 1429 1679 raram
1457 1642 1660 1679 infantiam

237 1706 458 1756 proditura“
483 1706 529 1755 3).
559 1706 646 1744 Non
664 1710 828 1757 metuam
846 1707 945 1744 mori
959 1719 1002 1744 ex
1018 1706 1208 1745 communi
1222 1706 1320 1744 mori
1334 1706 1538 1744 verborum
1558 1706 1661 1744 idem

238 1771 290 1807 ist
332 1772 432 1820 quod
475 1771 590 1808 libens
631 1772 788 1816 moriar,
825 1771 889 1808 hic
932 1773 1061 1808 antem
1103 1785 1125 1808 a
1168 1771 1441 1808 consuetudine
1476 1771 1660 1808 sermonis

240 1834 436 1881 abhorret,
479 1834 703 1885 significans
731 1848 807 1872 non
835 1839 1009 1884 metuam,
1039 1848 1085 1872 we
1112 1836 1269 1872 moriar.
1326 1834 1428 1872 Mira
1457 1835 1574 1872 etiam
1603 1837 1662 1873 est

240 1898 422 1936 orationis
452 1899 698 1936 continuatio.
756 1898 977 1948 Magnificis
1007 1901 1045 1935 et
1074 1899 1185 1935 elatis
1213 1899 1342 1936 verbis
1370 1912 1480 1947 paenc
1500 1899 1660 1948 imperi-

240 1975 327 2000 osus
372 1961 565 2013 (prodeat)
603 1962 846 2013 imperatoris
882 1960 1036 2001 uxorem
1065 1975 1307 2012 sororemque
1337 1964 1375 2000 et
1404 1964 1550 2001 ceteras
1578 1976 1661 2001 ma-

238 2030 369 2064 tronas
397 2027 585 2072 hortatus,
613 2030 657 2064 ut
685 2041 772 2065 cum
801 2028 915 2065 castis
944 2027 1174 2076 virginibus,
1203 2027 1342 2075 puellis
1370 2028 1577 2076 puerisque
1597 2028 1657 2064 fa-

238 2092 373 2128 ventes
406 2090 551 2141 linguae
580 2104 690 2129 sacra
718 2090 903 2137 facerent,
937 2090 1132 2129 nuntiavit
1159 2092 1281 2128 semet
1308 2090 1435 2140 ipsum
1463 2091 1658 2141 potatione

240 2169 328 2194 cum
356 2155 559 2194 meretrice
588 2155 730 2194 festum
751 2155 1107 2195 concelebraturum
1128 2169 1222 2194 esse.
1266 2155 1443 2205 Denique
1463 2156 1660 2194 subiratus

375 2334 395 2371 ¹)
420 2341 480 2368 Cfr.
516 2341 564 2367 od.
601 2341 624 2367 I:
662 2342 711 2373 12,
739 2342 787 2373 15,
811 2342 852 2368 11:
879 2342 928 2373 19,
953 2342 1004 2374 28,
1028 2342 1085 2368 ΙΙΙ;
1113 2342 1140 2374 1,
1167 2342 1216 2374 12,
1240 2342 1296 2368 111:
1322 2343 1350 2374 4,
1378 2343 1427 2374 11,
1451 2342 1508 2368 III:
1535 2343 1584 2374 11,
1611 2342 1661 2374 13,

239 2393 290 2421 ΑΡ
328 2395 398 2427 178,
433 2395 490 2422 cet.
523 2394 608 2422 Vidae
642 2396 791 2431 praeterea
813 2395 939 2431 Haupt„
963 2395 1030 2424 obs.
1055 2395 1123 2423 crit.
1146 2404 1177 2431 p.
1202 2396 1253 2430 42,
1278 2404 1345 2432 sqq,
1369 2395 1472 2431 Regel.
1497 2396 1537 2424 ad
1559 2395 1609 2424 od.
1634 2395 1659 2424 1:

239 2450 270 2481 3,
298 2450 346 2482 16,
369 2457 440 2484 pag.
468 2450 516 2476 14.
1130 2445 1132 2447 ’

376 2496 398 2533 ⁹)
422 2502 500 2529 Vide
523 2502 641 2529 Wiekh.
666 2503 690 2529 I:
716 2503 787 2530 213.

374 2549 396 2588 ³)
420 2555 530 2583 Ritter.
