1768 2856
809 147 1023 185 —64-

196 253 377 303 grottor),
423 267 497 304 quo
527 253 719 292 sententia
748 256 787 292 et
814 254 949 293 melior
977 254 1022 292 fit
1050 256 1089 293 et
1117 254 1282 293 suavior.
1338 253 1394 293 Ut
1422 254 1546 306 Verg.
1576 254 1624 295 E.

198 318 236 364 6,
266 319 334 357 82:
384 317 527 356 Omnia
560 332 646 368 quae
675 318 830 357 Phoebo
859 319 1052 369 quondam
1079 319 1291 357 meditante
1321 319 1457 358 beatus
1486 319 1633 358 Audiit·

197 382 366 422 Eurotas
393 383 436 433 ¹).
1592 377 1596 380 Δ

326 447 491 485 Carmen
520 447 827 497 dithyrambicus
856 450 913 486 est
943 450 1112 494 conatus,
1142 448 1280 497 qualis,
1325 447 1397 486 Od.
1427 447 1477 486 II:
1511 449 1559 486 19
1589 448 1623 486 si

198 511 380 561 excipias,
409 524 600 561 nusquam
629 511 725 549 alias
754 512 794 549 in
821 511 969 549 melicis
998 511 1137 549 Horati
1161 511 1366 562 reperitur.
1423 511 1508 550 Hoc
1527 525 1620 562 poe-

193 588 279 613 seos
308 589 432 627 genus
461 575 648 626 gravitati
676 590 920 614 romanorum
943 589 1018 615 non
1043 578 1126 614 erat
1146 578 1292 626 aptum,
1323 579 1361 615 et
1379 576 1496 615 facile
1516 576 1621 627 apud

196 653 260 678 eos
289 640 338 677 ad
365 642 555 678 tumorem
584 640 806 690 prolapsum
836 643 904 679 est.
960 639 1098 690 Neque
1128 641 1177 678 ad
1204 655 1355 679 musam
1383 640 1618 683 Horatiae-

194 705 476 742 commodatum
505 706 600 751 erat,
631 705 732 755 quod
760 705 955 755 praecipue
983 705 1023 743 in
1042 704 1111 743 IV:
1133 706 1168 743 2:
1196 705 1414 743 Pindarum
1432 706 1618 757 quisquis,

194 771 268 807 cet.
298 769 382 819 ipse
413 769 555 807 diserte
592 769 698 816 dixit,
729 783 806 820 qua
835 784 876 808 re
905 784 945 808 se
974 770 1057 820 ipse
1087 770 1293 817 excusavit,
1323 770 1356 808 si
1385 770 1478 820 quid
1492 770 1533 808 in
1547 770 1620 810 hoc

195 834 365 871 carmine
408 834 535 871 minus
577 834 718 883 placet.
777 834 885 871 Finis
914 848 993 884 prae
1023 834 1131 872 initio
1161 835 1288 872 tenuis
1318 837 1386 872 est.
1444 834 1529 873 Hoc
1556 837 1618 872 ta-

192 910 282 935 men
319 897 652 947 dithyramborum
680 898 880 947 proprium
910 901 979 945 est,
1008 900 1051 936 ut
1079 898 1227 936 subitas
1256 912 1278 936 a
1306 898 1504 948 proposita
1532 912 1619 937 ora—

196 962 299 1000 tione
329 962 604 1001 declinationes
635 965 673 1000 et
701 962 924 1012 frequentes
954 976 998 1001 ac
1026 962 1185 1001 mobiles
1215 963 1263 1001 ad
1292 962 1387 1001 alias
1416 977 1477 1001 res
1506 965 1616 1001 tran-

194 1027 292 1064 situs
312 1027 513 1077 patiantur
533 1027 577 1076 2).
621 1027 769 1065 callide
790 1029 919 1065 autem
940 1027 1101 1066 carmini
1131 1028 1181 1065 ad
1200 1027 1398 1066 Bacchum
1418 1028 1619 1066 celebran-

196 1092 288 1129 dum
317 1091 461 1141 scripto
489 1091 623 1130 laudes
652 1091 815 1130 Caesaris
844 1092 1019 1130 intexuit.

325 1155 488 1193 Carmen
526 1156 714 1205 scriptum
743 1170 765 1193 a
792 1159 919 1205 poeta,
952 1157 1018 1205 qui
1047 1157 1161 1206 fingit
1189 1157 1251 1194 vel
1279 1156 1503 1194 simulatae
1535 1170 1618 1194 esse

198 1220 344 1258 Bacchi
388 1222 426 1257 et
467 1220 548 1258 vini
590 1219 775 1258 instinctu
814 1220 1046 1271 concitatum
1081 1223 1209 1258 mente
1237 1220 1511 1259 bacchantium
1538 1220 1617 1259 ritu

193 1284 403 1323 furibunda
432 1287 471 1323 et
498 1284 700 1335 lymphata
727 1285 853 1335 magis
881 1285 1031 1335 poetico
1059 1298 1173 1323 sensu
1201 1299 1317 1335 quam
1346 1285 1480 1324 critica
1508 1299 1616 1324 seve-

192 1350 309 1387 ritate
338 1350 632 1399 percipiendum
662 1352 700 1386 et
719 1349 967 1387 iudicandum
988 1352 1057 1387 est.
1111 1349 1255 1396 „Homo
1276 1350 1421 1387 Bacchi
1440 1350 1615 1399 plenus“,

194 1414 320 1463 inquit
349 1413 496 1452 Peerlc.
538 1412 594 1461 (in
632 1427 719 1451 ann.
751 1414 798 1451 ad
826 1413 898 1451 hoc
928 1413 1112 1462 carmen),
1147 1427 1242 1460 „non
1272 1414 1439 1463 cogitate
1468 1414 1615 1460 scribit,

191 1478 262 1515 sed
305 1478 445 1527 spiritu
487 1478 560 1515 isto
602 1471 759 1515 inflatus
802 1491 935 1515 versus
979 1491 1021 1515 ex
1055 1481 1227 1527 tempore
1256 1478 1389 1515 dicit“.
1446 1477 1555 1523 Quod
1583 1478 1616 1516 si

192 1541 340 1580 Peerlc.
384 1542 460 1579 sibi
502 1542 707 1591 persuasit,
750 1555 832 1579 rem
874 1542 930 1579 ita
968 1555 1007 1579 se
1036 1541 1192 1587 habere,
1230 1555 1354 1579 nonne
1384 1555 1537 1579 carmen
1566 1543 1625 1580 ab·

193 1606 359 1656 argutiis
400 1606 671 1656 hypercriticis
709 1606 991 1643 defendendum
1035 1608 1119 1643 est?
1176 1605 1433 1644 Consideratis
1461 1606 1522 1643 his
1551 1619 1613 1644 re-

192 1672 264 1709 bus
294 1684 368 1708 non
398 1673 456 1708 est
485 1670 751 1716 dubitandum,
783 1670 876 1719 quin
905 1670 955 1707 sit
984 1683 1139 1708 carmen
1168 1683 1406 1720 germanum.
1463 1669 1613 1720 Neque,

191 1736 292 1785 quod
322 1735 453 1780 sciam,
484 1734 689 1783 quisquam
717 1737 859 1784 praeter
888 1734 1105 1783 Gruppium
1132 1736 1256 1771 totum
1285 1748 1440 1772 carmen
1469 1734 1614 1772 reicere

190 1800 324 1838 voluit.
382 1799 627 1849 Explicatum
655 1812 744 1836 vero
775 1802 832 1836 est
861 1813 883 1836 a
912 1798 1029 1837 schol.
1060 1801 1098 1837 et
1127 1813 1149 1836 a
1179 1798 1377 1845 Diomede,
1398 1798 1608 1846 Prisciano,

191 1864 403 1910 Victorino,
433 1864 578 1909 Servio,
610 1864 694 1900 aliis
725 1866 1076 1901 commemoratum.

328 1992 348 2029 ¹)
373 1998 433 2024 Cfr.
458 1997 620 2023 Vossilunz
883 2004 901 2022 ο
924 2004 969 2022 wo

450 2051 529 2077 Hert
553 2050 633 2076 mich
656 2049 894 2083 Folscngewblb’
919 2050 971 2076 ihn
995 2049 1049 2075 des
1072 2049 1309 2084 ungleichbarcn

451 2105 562 2131 Ciisars
586 2104 699 2136 ewigon
724 2104 810 2130 Preis
834 2103 890 2129 mit
915 2103 989 2130 (ilut

450 2159 494 2185 Zu
518 2158 576 2184 (len
600 2159 727 2184 Stel-non
751 2157 886 2184 erhiihn?
910 2158 966 2184 cet.

324 2207 345 2244 2)
370 2213 430 2239 Cfr.
459 2212 616 2239 Kellerum
644 2212 762 2246 Epilcg.
794 2212 854 2238 266
884 2212 906 2237 ἂ·
935 2212 974 2238 Μ.
1000 2211 1055 2238 Rh.
1083 2213 1131 2243 19,
1156 2212 1234 2238 212;
1259 2212 1322 2238 Das
1345 2211 1530 2245 gesteigerte
1554 2210 1611 2236 Pa-

188 2267 261 2293 thos
285 2267 326 2293 ist
349 2266 610 2293 niissverstanden
634 2266 765 2298 worden,
790 2266 845 2292 (las
867 2266 969 2292 Hor-az
992 2266 1082 2292 unter
1105 2265 1298 2292 Umsttinden
1322 2273 1396 2299 gem
1420 2264 1586 2291 anwendet.
