1768 2856
779 154 990 191 —29—-

174 273 351 312 quorum,
379 274 550 312 namque,
579 266 700 312 atque.
756 260 850 306 Vox,
880 273 966 309 quae
1002 262 1060 297 est
1088 263 1209 309 atque,
1238 259 1279 296 in
1307 260 1480 296 omnibus
1508 259 1589 296 Ho-

116 354 121 358 .
180 325 257 364 rati
298 325 451 376 scriptis
492 326 623 365 tricies
665 323 870 375 quinquies
891 323 936 373 ¹),
969 323 1029 361 bis
1062 323 1102 360 in
1132 322 1212 361 odis
1241 321 1295 371 (h.
1325 321 1350 360 l.
1381 325 1419 361 et
1446 321 1497 360 II:
1529 324 1590 369 lo,

181 391 249 438 21)
290 390 497 428 invenitur:
551 389 688 438 Itaque
728 389 800 426 hoc
834 388 991 437 quidem
1018 388 1179 425 verbum
1207 400 1315 436 aequo
1344 380 1469 424 animo
1498 387 1591 433 fero,

161 467 304 505 ,neque
332 457 461 493 tamen
489 453 574 492 fieri
601 454 741 503 potest,
779 452 872 502 quin
900 465 991 490 voce
1020 452 1100 489 eius
1129 450 1334 489 offenditur
1362 450 1525 496 animus,
1555 453 1593 489 et

159 519 263 557 'iure
306 520 394 558 inde
430 534 452 557 a
482 517 778 567 Cuninghamio,
796 509 999 562 'Dacierio,
1028 515 1240 561 Sanad0n0‚
1270 515 1447 553 Bentleio
1475 529 1592 564 repu-

181 582 286 621 diata
315 585 383 630 est,
412 594 503 621 nam
530 581 659 620 ieiuna
686 574 812 630 neque
848 580 1007 618 ferenda
1036 582 1105 626 est,
1134 580 1168 617 si
1196 579 1245 617 ad
1272 583 1385 629 caput
1412 579 1593 629 pertinet,

182 648 411 699 longiusque
453 647 563 685 abest
605 646 654 683 ab
687 658 761 694 ore,
790 659 906 695 quam
934 658 1019 694 quae
1049 659 1093 683 eo
1120 645 1256 683 referri
1284 645 1405 694 possit
1433 643 1493 691 (ut
1520 658 1593 693 pu-

182 713 267 748 tant
308 711 448 756 Ritter,
491 708 722 754 Schmidius‚
755 708 967 754 Nauekius,
997 709 1041 745 L.
1071 708 1247 753 Mueller,
1278 708 1373 756 alii).
1430 707 1594 745 Proinde

183 774 282 813 hanc
310 773 487 812 inutilem
515 786 646 811 vocem
665 772 861 810 demamus
876 772 1075 822 locumque
1092 771 1319 811 coniecturis
1336 771 1594 818 emendamus,

185 853 348 889 quarum
377 839 563 888 optimam
591 837 757 875 arbitror
786 851 868 875 esse
895 839 1091 887 emicetque
1108 837 1154 886 3).
1211 837 1306 875 Haec
1327 837 1428 874 enim
1444 836 1593 874 coniec-

181 906 268 941 tura
297 902 669 942 commendatissima
697 902 782 947 erit,
811 901 1010 950 antiquam
1037 901 1169 939 literas
1188 901 1382 939 scribendi
1406 900 1596 938 rationem

182 966 544 1019 (palaeographiam)
587 966 620 1005 si
660 965 884 1016 respexeris,
924 979 1039 1016 quam
1080 965 1147 1016 qui
1179 967 1379 1012 noverunt,
1407 964 1594 1003 facillime

181 1033 425 1083 intellegunt,
456 1045 529 1081 quo
562 1032 672 1069 modo
701 1031 851 1068 librarii
880 1032 1073 1080 emicatque
1100 1031 1141 1067 in
1168 1032 1249 1068 eius
1276 1035 1386 1080 atque
1414 1032 1589 1067 mutave-

183 1097 272 1135 rint.
328 1096 480 1135 Verba?
501 1097 660 1146 spiritus
701 1099 806 1134 tceter
847 1095 971 1132 emicet
998 1095 1136 1132 bonam
1163 1095 1273 1133 nobis
1301 1094 1476 1144 praebere
1505 1107 1593 1131 sen-

182 1161 357 1206 tentiam,
386 1160 522 1210 Unger
549 1160 575 1198 l.
606 1174 637 1197 c.
667 1160 798 1197 multis
826 1160 1051 1197 monstravit
1080 1159 1272 1208 exemplis.
1331 1159 1415 1203 Qua
1443 1158 1593 1196 coniec-

183 1227 271 1262 tura
314 1226 483 1275 accepta,
526 1223 566 1261 id
608 1223 709 1273 quod
751 1223 791 1260 in
818 1223 892 1261 hac
920 1223 1076 1273 stropha
1105 1223 1375 1261 difficillimum
1403 1222 1594 1272 imprimis

184 1292 254 1335 est,
284 1289 443 1327 tollitur.

314 1353 355 1403 2)
383 1353 580 1392 Vocabulo
609 1357 712 1390 taeter
739 1352 784 1390 L.
814 1351 978 1390 Mueller
1011 1352 1154 1390 bellum
1181 1351 1412 1402 inexpiabile
1441 1351 1591 1397 indixit,

182 1419 283 1468 quod
314 1418 355 1455 in
384 1418 557 1455 omnibus
587 1417 818 1455 editionibus
838 1430 909 1454 nec
928 1429 1002 1453 non
1022 1416 1061 1453 in
1080 1416 1305 1454 lectionibus
1324 1416 1535 1453 horatianis
1556 1418 1595 1455 et

185 1483 225 1520 in
254 1496 341 1520 ann.
371 1482 466 1532 phil.
500 1482 603 1520 1874
631 1496 669 1531 p.
700 1482 751 1519 64
780 1494 863 1531 sqq.
895 1484 932 1519 et
960 1481 1000 1518 in
1028 1481 1138 1527 libro,
1168 1481 1233 1530 qui
1261 1480 1485 1518 inscribitur
1514 1479 1591 1518 Lit.

184 1546 286 1584 Hist.
317 1546 462 1596 Biogr.,
498 1548 540 1583 ut
568 1546 700 1595 paucis
730 1544 1277 1594 absolvamsquotiescumque
1296 1544 1433 1594 potuit,
1463 1544 1594 1581 redin-

184 1610 366 1662 tegravit.
424 1610 539 1649 Cuius
581 1609 639 1648 rei
681 1623 857 1660 quaenam
890 1609 940 1647 sit
970 1624 1096 1655 causa,
1125 1609 1280 1647 minime
1309 1608 1444 1658 liquet,
1474 1622 1594 1659 quum

129 1708 131 1710 .
183 1689 307 1724 neque
335 1676 376 1712 in
404 1688 493 1712 sono
521 1688 645 1723 neque
673 1675 713 1711 in
742 1674 1021 1723 significatione
1050 1674 1118 1711 illa
1145 1688 1214 1711 vox
1242 1674 1451 1722 quidquam
1472 1674 1593 1710 offen-

184 1738 299 1785 sionis
327 1738 481 1777 habeat.
538 1737 740 1788 Significat
768 1737 808 1775 id
836 1737 1004 1788 quidem,
1034 1738 1133 1788 quod
1161 1737 1313 1775 foedum
1342 1732 1410 1783 est,
1441 1737 1542 1787 quod
1561 1737 1594 1775 si

185 1804 271 1853 quis
299 1818 380 1841 rem
408 1804 559 1841 foedam
594 1805 632 1840 et
659 1805 811 1841 taetram
839 1806 985 1848 narrat,
1016 1802 1051 1840 ei
1080 1803 1198 1840 etiam
1225 1802 1365 1847 verbm,
1394 1816 1480 1851 quae
1510 1815 1596 1839 eam

184 1870 318 1906 sonent
361 1867 649 1916 ostendantque,
693 1880 785 1917 opus
828 1868 898 1904 est.
955 1866 1048 1911 Quae
1084 1879 1200 1916 quum
1227 1866 1283 1903 ita
1310 1865 1399 1911 sint,
1428 1879 1596 1915 quanam

184 1933 340 1970 tandem
381 1932 528 1970 ratione
570 1932 822 1981 improbanda
864 1931 1022 1980 odioque
1065 1931 1329 1981 persequenda
1363 1932 1420 1968 est
1450 1943 1518 1968 vox
1546 1930 1595 1968 ab

184 1996 344 2034 Horatio
373 2009 474 2045 saepe
503 1996 543 2033 in
571 1995 698 2033 satiris
719 1998 834 2045 atque
852 1998 1041 2045 praeterea
1061 1997 1099 2032 et
1119 1995 1158 2032 in
1177 1995 1299 2032 soluta
1318 1997 1356 2032 et
1375 1994 1415 2031 in
1436 1994 1594 2032 astricta

186 2061 356 2099 oratione
400 2063 437 2098 et
480 2075 501 2098 a
543 2060 819 2098 recentioribus
862 2062 900 2097 et
942 2060 989 2097 ab
1020 2060 1299 2109 antiquioribus
1329 2061 1367 2096 et
1396 2073 1418 2096 a
1446 2058 1595 2096 Catullo

185 2127 224 2162 et
266 2138 288 2161 a
330 2124 475 2162 Seneca
504 2126 542 2161 et
571 2138 593 2161 a
621 2123 796 2174 Vergilio
827 2126 864 2160 et
893 2137 915 2160 a
944 2123 1124 2162 Cicerone
1153 2125 1360 2171 usurpata?
1404 2122 1596 2171 Equidem

184 2188 339 2226 Kellero
383 2189 568 2226 assentior
601 2188 641 2225 in
670 2188 823 2238 Epileg.
853 2186 883 2225 I:
914 2188 989 2225 227
1020 2187 1103 2225 haec
1133 2186 1290 2225 dicenti:
1322 2186 1419 2224 Eine
1449 2186 1596 2233 Kritik,

184 2252 326 2290 welche
369 2252 430 2290 ein
448 2249 455 2260 '
473 2252 683 2290 {isthetisch
717 2251 867 2290 absolut
900 2251 1161 2289 indifferentes
1195 2250 1307 2288 Wort
1335 2250 1403 2288 wie
1432 2252 1513 2288 elas
1541 2250 1598 2290 als

184 2317 393 2368 angeblich
421 2317 594 2367 poetisch
621 2317 845 2368 unmoglich
873 2316 1050 2367 verfolgt,
1080 2316 1130 2354 ist
1159 2315 1233 2354 mir
1261 2316 1555 2367 unbegreiflich.

320 2466 340 2503 ¹)
364 2472 472 2499 Waltz.
496 2472 558 2498 Des
581 2472 766 2504 Variations,
791 2472 847 2498 cet.
872 2479 941 2505 pag.
969 2472 1039 2498 181.

319 2519 341 2556 3)
366 2526 477 2559 Unger,
501 2525 626 2552 Emend.
651 2526 724 2552 Hor.
748 2526 799 2552 VI.
