1768 2856
855 159 1066 205 —66-.⁴

238 289 314 322 ras,
344 276 406 313 vix
434 277 478 312 ut
505 275 664 324 stropha
692 274 872 324 intellegi
898 274 1032 323 possit,
1061 274 1126 311 hic
1144 273 1287 311 malam
1307 273 1544 314 eiectionem,
1574 272 1669 311 ad‘eo

244 341 288 376 ut
317 325 552 377 cohaerentia
580 338 682 376 inter
710 340 777 376 str.
810 338 830 376 1
863 339 902 376 et
930 337 954 374 3
983 336 1089 374 nulla
1117 337 1198 374 fiat.

376 402 465 441 Non
494 403 549 440 eis
577 403 707 452 placet
734 402 868 440 Venus
896 401 1058 446 marina,
1088 414 1205 450 quam
1232 400 1378 439 Peerlc.
1406 401 1500 440 dicit
1518 403 1670 439 veteres

241 481 317 505 non
345 467 403 504 ita
432 466 660 517 appellasse,
702 466 779 504 nisi
808 466 941 516 aliqua
970 467 1071 503 esset
1100 477 1227 511 causa,
1264 478 1296 502 e.
1326 478 1365 515 g.
1395 466 1429 503 si
1456 465 1543 515 quis
1571 464 1695 503 mari‘

242 534 377 569 vectus
407 531 519 569 deam
548 530 731 568 auxilium
759 532 927 581 rogaret.
975 528 1113 579 Unger
1133 529 1296 567 coniecit
1314 530 1464 567 maritae
1474 529 1535 577 (Ι).
1582 528 1671 567 Νο11

237 594 355 632 facile
383 597 515 632 tamen
544 594 760 644 collegitur,
791 607 859 631 cur
888 606 964 630 non
992 592 1178 630 Horatius
1206 592 1513 641 Anadyomenen
1533 583 1668 642 appel-

239 658 322 697 lare
350 658 521 709 potuerit
548 658 751 705 marinam,
781 657 819 696 h.
851 671 883 696 e.
920 656 1039 704 „mari
1069 658 1213 695 ortam“
1253 655 1401 706 (Acro).
1449 654 1558 695 Idem
1578 656 1662 707 epi-

238 723 374 760 theton
401 725 630 771 usurpatum
664 725 723 760 est
750 722 792 759 in
820 721 889 759 IV:
923 722 985 766 11,
1018 722 1080 766 15,
1109 709 1176 771 qui
1203 721 1282 758 dies
1313 732 1474 758 mensem
1514 720 1669 758 Veneris

240 787 404 824 marinoe
443 785 558 835 findit
598 786 785 837 Aprilem.
852 784 1003 824 Deinde
1047 785 1173 824 oculos
1216 798 1347 823 eorum
1388 784 1670 836 praestringunt

239 851 399 900 funalia
429 851 570 889 lucida.
619 850 765 890 Dicunt
794 850 897 889 enim
922 850 1117 888 neminem
1135 850 1239 888 faces
1260 849 1438 905 ardentes
1457 848 1499 887 in
1519 849 1669 899 pariete

239 915 379 965 templi
423 915 657 965 suspendere
700 914 808 963 (nam
847 914 1068 953 incendium
1096 914 1223 952 facere
1251 913 1436 963 possent).
1492 913 1670 963 Apparet
1721 926 1751 933 -’

241 981 375 1017 autem
403 979 508 1017 faces
537 979 593 1016 ita
622 992 704 1016 esse
732 979 895 1024 lucidas,
925 979 958 1016 si
988 978 1246 1016 accendantur
1268 978 1310 1026 1).

374 1043 501 1080 Arcus
531 1045 569 1080 et
596 1042 658 1080 his
687 1043 834 1080 duobus
864 1045 902 1080 et
929 1042 1062 1079 multis
1091 1041 1176 1079 aliis
1196 1040 1406 1090 displicuit,
1436 1042 1537 1091 quod
1558 1054 1669 1080 arcus

242 1120 318 1145 non
352 1107 534 1145 videntur
568 1107 619 1144 ad
653 1106 753 1145 fores
783 1106 1045 1157 effringendas
1074 1105 1250 1144 adhiberi
1278 1118 1401 1155 posse.
1457 1105 1585 1144 Bentl.
1614 1118 1668 1143 se-

242 1183 421 1221 curesque
449 1184 518 1220 pro
547 1176 581 1208 et
609 1183 723 1208 arcus
752 1171 927 1216 coniecit,
957 1170 997 1207 id
1027 1170 1126 1219 quod
1151 1170 1191 1206 in
1221 1171 1439 1208 contextum
1470 1172 1669 1220 receptum

247 1237 306 1273 est
335 1249 357 1273 a
386 1234 430 1273 L.
461 1234 648 1273 Muellero
678 1235 718 1273 in
747 1236 943 1285 postrema
973 1234 1151 1272 editione.
1207 1226 1342 1272 Keller
1371 1234 1488 1272 aliam
1507 1234 1669 1284 protulit

241 1299 513 1343 conjecturam,
544 1301 680 1347 ascias,
713 1299 753 1336 in
788 1298 923 1336 Museo
953 1298 1150 1343 Rhenano,
1182 1299 1298 1343 1863,
1329 1299 1420 1343 279,
1450 1311 1520 1347 sq.,
1551 1312 1667 1349 quam
1721 1323 1725 1325 >

243 1363 328 1413 ipse
357 1363 397 1401 in
428 1363 602 1401 omnibus
622 1363 700 1401 suis
722 1363 807 1402 edd.
829 1359 1049 1413 scripsit‘et
1068 1362 1107 1400 in
1127 1362 1282 1413 Epileg.
1304 1363 1395 1409 271,
1416 1376 1500 1413 sqq.
1521 1376 1668 1402 summo

246 1428 372 1465 studio
416 1428 601 1465 defendit.
664 1427 884 1477 Utrumque
926 1441 1064 1477 parum
1104 1427 1245 1476 placet.
1302 1426 1405 1465 Nam
1447 1428 1668 1466 bentleiana

244 1491 466 1530 coniectura
494 1491 698 1530 literarum
727 1491 1026 1530 conformatione
1054 1491 1211 1537 voculae,
1241 1504 1327 1541 quae
1357 1494 1414 1529 est
1440 1505 1565 1538 arcus,
1587 1492 1666 1530 dis-

241 1556 441 1594 simillima
477 1559 547 1602 est,
578 1559 616 1594 et
645 1556 768 1594 ascias
796 1557 860 1594 hic
888 1557 1003 1594 metri
1031 1570 1146 1594 causa
1165 1556 1276 1605 quasi
1296 1556 1548 1606 dissyllabum
1567 1562 1668 1597 esset

240 1617 450 1672 legendum
469 1620 514 1669 2).
572 1620 765 1670 Equidem
793 1620 897 1658 haud
917 1620 993 1659 scio
1023 1634 1072 1658 an
1100 1633 1225 1670 operae
1254 1620 1423 1671 pretium
1451 1622 1502 1660 sit
1535 1623 1668 1663 audire

243 1686 518 1736 explicatorem
561 1686 754 1734 quendam
795 1685 983 1735 ignotum,
1020 1685 1085 1734 qui
1114 1685 1154 1722 in
1182 1686 1357 1735 margine
1393 1687 1533 1725 codicis
1562 1689 1668 1738 regi-

240 1750 370 1788 nensis
400 1749 456 1787 sic
485 1749 658 1798 scripsit:
695 1748 855 1795 „Arcus,
899 1748 1037 1798 quibus
1066 1749 1248 1786 ianitores
1276 1751 1487 1788 terreant‘.
1543 1750 1669 1790 Arcus

244 1829 315 1866 per
357 1828 398 1853 se
440 1813 597 1865 quidem
639 1814 796 1852 ianuam
839 1813 989 1864 aperire
1031 1816 1240 1864 nequeunt,
1284 1815 1385 1864 quod
1427 1815 1460 1853 si
1488 1816 1669 1856 robustus

242 1879 423 1917 ostiarius
467 1881 738 1924 summovetur,
782 1878 898 1915 ianua
932 1881 1150 1927 semaperta
1179 1881 1248 1915 est.
1306 1878 1414 1922 Quod
1444 1880 1576 1917 dicunt
1604 1894 1668 1918 ar-

241 1957 308 1982 cus
351 1956 434 1981 esse
470 1942 585 1981 caedis
621 1942 891 1988 instrumenta,
927 1941 1133 1992 tranquillo
1164 1942 1289 1980 animo
1318 1941 1524 1981 Horatium
1553 1945 1669 1983 caedis

242 2008 406 2045 crimine
443 2007 610 2043 liberare
643 2020 855 2054 possumus.
913 2006 1007 2043 Haec
1037 2007 1139 2043 enim
1169 1997 1294 2044 omnia
1322 2008 1443 2044 finxit.
1501 2007 1607 2051 Quod
1636 2009 1670 2045 si

242 2070 330 2121 quis
373 2083 416 2109 re
459 2083 550 2108 vera
592 2069 767 2108 vectibus
810 2082 900 2107 usus
935 2082 1070 2120 pacem
1098 2072 1324 2109 nocturnam
1354 2072 1392 2109 et
1421 2070 1669 2116 domesticam

240 2150 423 2185 rumpens
466 2135 693 2184 contemptis
737 2135 910 2172 omnibus
951 2135 1116 2183 publicae
1156 2136 1374 2173 securitatis
1402 2136 1589 2174 ministris
1619 2138 1667 2175 ad

238 2199 472 2238 collucentes
515 2199 620 2238 faces
662 2199 703 2237 in
746 2199 899 2237 domum
942 2198 979 2236 vi
1020 2199 1234 2250 irrumpere
1278 2202 1316 2238 et
1357 2199 1458 2238 fores
1498 2200 1667 2240 occlusas

378 2306 398 2342 ¹)
423 2311 464 2338 Ut
489 2311 583 2338 Silius
608 2311 696 2343 dixit,
720 2311 772 2337 VI.
800 2312 871 2337 667:
896 2311 1066 2337 nocturnus
1089 2311 1198 2343 honos,
1222 2311 1339 2338 funalia
1362 2311 1453 2339 clara.

377 2358 399 2398 2)
426 2365 480 2407 „Ip
515 2364 562 2392 ed.
595 2365 665 2392 anni
698 2365 778 2392 1864
803 2364 906 2393 Keller
929 2365 1045 2400 recepit
1067 2365 1188 2392 Bentlei
1210 2373 1303 2392 unam
1326 2365 1543 2400 coniecturam,
1567 2367 1668 2402 ipsius

243 2419 331 2451 duas,
367 2427 383 2445 e
417 2419 530 2453 quibus
565 2419 662 2445 altera
697 2420 745 2445 est
778 2419 982 2453 ineptissima,
1021 2419 1118 2445 altera
1152 2427 1256 2445 errore
1294 2420 1423 2446 metrico
1451 2420 1550 2447 foeda.
1606 2422 1669 2448 Neo

243 2472 324 2498 enim
357 2472 429 2499 licet
464 2472 494 2499 in
529 2472 657 2498 tertium
691 2479 815 2499 versum
846 2471 1024 2507 systematis
1053 2472 1160 2499 alcaici
1188 2471 1311 2499 admitti
1341 2480 1410 2500 011111
1435 2473 1567 2509 synizesi
1591 2473 1670 2501 illud

239 2522 375 2553 ascia-s‘ffi
421 2526 456 2554 L.
482 2526 620 2559 Mueller,
646 2526 692 2554 ed.
718 2535 765 2554 an.
793 2527 885 2559 1879,
908 2526 993 2562 praef.
1018 2535 1069 2562 pg.
1093 2527 1145 2554 IX.
