1768 2856
823 406 1060 465 XVIII.

366 532 588 570 Extremam
616 531 815 581 stropham
842 530 990 569 Peerlc.
1020 530 1077 579 (et
1095 534 1183 581 post
1203 545 1290 569 eum
1310 531 1507 582 Gruppius
1528 531 1654 570 Lehr-

237 597 409 646 siusque)
457 596 592 645 lupum
634 596 736 633 inter
778 609 898 645 agnos
941 610 1023 633 esse
1051 599 1175 645 putat.
1219 610 1334 644 quem
1362 596 1469 634 velut
1497 596 1655 634 Faunus

236 660 495 699 stomachosus
536 659 675 709 fugare
717 662 887 697 conatur.
944 659 1099 697 Retusis
1142 662 1272 697 tamen
1313 659 1403 697 telis
1445 660 1486 696 in
1520 673 1656 698 versus

190 757 198 765 ,
238 725 460 767 innocentes
489 723 663 761 invectus
693 726 762 762 est.

582 802 666 828 Inter
689 802 822 829 audaces
845 802 939 837 lupus
963 803 1045 829 errat
1068 810 1180 836 aguos-

368 861 422 900 Ut
449 864 581 899 notum
616 864 686 908 est,
715 862 779 901 hic
807 876 940 901 versus
967 863 1192 901 memoriam
1220 863 1385 901 revocat
1404 862 1532 901 Esaiae
1561 876 1652 913 pro-

238 927 367 978 phetae
404 940 488 976 cap.
517 925 573 964 XI
601 941 636 965 v.
667 928 702 964 6:
732 927 930 964 Habitabtt
958 928 1071 976 lupus
1097 941 1182 964 cum
1210 940 1307 977 aquo
1334 932 1368 965 et
1388 928 1541 977 pardus
1569 940 1656 964 cum

239 991 345 1028 haedo
391 990 594 1027 accubabit.
652 990 776 1034 Quam
818 1004 892 1040 quo
933 991 1117 1028 maiorem
1145 991 1318 1028 facerent
1346 991 1653 1036 similitudinem,

239 1054 391 1093 librarii
433 1054 635 1093 christiani
676 1054 717 1091 in
758 1068 884 1100 versu,
920 1054 986 1104 qui
1020 1055 1216 1104 praecedit,
1246 1068 1390 1105 payum
1419 1055 1459 1092 in
1480 1055 1653 1105 pardum

240 1121 498 1164 mutaverunt,
541 1118 608 1168 qui
643 1119 792 1168 pardus
814 1118 855 1155 in
883 1119 990 1156 codd.
1019 1119 1210 1155 nonnullis
1239 1122 1277 1156 ct
1304 1119 1467 1156 Acronis
1496 1119 1653 1156 scholiis

241 1185 439 1234 grassatus
479 1185 549 1221 est.
606 1182 718 1221 Hanc
759 1182 1024 1221 monachalem
1066 1182 1323 1221 coniecturam
1365 1183 1493 1221 Bentl.
1534 1183 1655 1221 semel

240 1261 316 1285 non
344 1248 426 1285 sine
455 1248 536 1285 risu
563 1247 710 1285 reiecit.
766 1246 933 1296 Reliqua
961 1246 1171 1284 similitudo
1199 1261 1273 1284 non
1302 1249 1359 1284 est
1387 1247 1488 1296 quod
1516 1260 1652 1296 quem-

243 1325 360 1362 quam
402 1312 581 1357 offendat,
610 1325 713 1357 nam,
742 1313 786 1348 ut
815 1311 932 1349 etiam
961 1310 1167 1361 Gruppius,
1197 1311 1315 1349 Aeac.
1347 1312 1435 1357 113,
1466 1311 1651 1357 concedit,

243 1375 433 1414 sententia
452 1376 520 1413 illa
539 1376 588 1413 ad
608 1388 845 1414 communem
860 1377 1059 1425 poetarum
1081 1375 1217 1413 silvam
1242 1374 1376 1423 (etiam
1392 1375 1653 1423 orientalium)

242 1440 423 1489 pertinet.
479 1439 627 1477 Peerlc.
658 1439 732 1477 alio
759 1439 867 1477 modo
897 1439 1129 1476 sententiam
1149 1439 1367 1489 castigavit.
1418 1439 1524 1476 Dicit
1553 1439 1655 1476 enim

242 1504 487 1542 scribendum
528 1504 646 1541 fuisse
676 1516 796 1554 agnos
824 1503 926 1540 inter
954 1502 1063 1552 lupos
1093 1516 1234 1540 errare.
1291 1501 1496 1541 Intellectu
1524 1505 1655 1540 tamen

243 1568 413 1606 difficile
442 1570 511 1614 est,
554 1568 738 1617 quidnam
778 1567 994 1605 intercedat
1035 1567 1280 1605 discriminis.
1359 1567 1429 1605 Nil
1471 1568 1656 1604 interesse

241 1632 406 1678 videtur,
449 1634 579 1669 utrum
622 1632 713 1682 agni
755 1632 857 1669 inter
897 1631 1007 1680 lupos
1036 1644 1086 1668 an
1123 1631 1206 1681 lupi
1234 1631 1336 1669 inter
1365 1644 1484 1681 agnos
1513 1633 1672 1676 errent„

242 1709 361 1745 quum
390 1709 498 1734 omne
526 1696 674 1745 pondus
702 1696 743 1733 iu
772 1709 814 1734 eo
842 1696 946 1741 insit,
977 1695 1077 1744 quod
1098 1694 1223 1732 Fauni
1242 1695 1365 1733 tutela
1385 1695 1478 1745 agni
1497 1695 1658 1732 audaces

242 1762 331 1797 sunt
359 1773 485 1809 neque
513 1760 651 1797 timent
678 1759 800 1809 lupos.

586 1839 710 1874 Spargit
733 1839 873 1873 agrestes
895 1838 954 1865 tibi
978 1838 1054 1866 silva¹
1076 1838 1211 1865 frondes.

371 1899 611 1949 Ambigitur,
654 1901 785 1937 utrum
826 1899 898 1937 hoc
941 1912 1095 1937 carmen
1141 1899 1363 1936 faunalibus
1396 1898 1529 1936 iduum
1557 1898 1655 1935 febr.

242 1977 292 2001 an
333 1977 521 2002 nonarum
563 1964 644 2001 dec.
688 1977 737 2001 an
778 1966 963 2013 tempore,
1007 1963 1108 2012 quod
1150 1963 1252 2001 inter
1286 1965 1451 2012 utraque
1479 1962 1653 2008 interest,

242 2028 430 2077 scriptum
458 2028 520 2074 sit,
550 2029 618 2065 sed
651 2028 753 2065 inter
788 2041 917 2065 omnes
946 2028 1124 2065 convenit
1153 2030 1342 2065 extremas
1365 2028 1458 2064 duas
1479 2026 1657 2076 strophas

242 2085 506 2129 ad⁸faunalia
547 2105 634 2130 non.
679 2091 760 2130 dec.
803 2093 992 2141 speetare,
1036 2091 1137 2140 quod
1172 2091 1291 2129 etiam
1319 2104 1339 2128 e
1367 2104 1427 2129 vv.
1460 2090 1508 2128 10
1539 2092 1577 2127 et
1608 2090 1657 2127 13

243 2158 418 2205 apparet.
474 2155 621 2194 Peerlc.
664 2156 765 2193 solus
799 2155 900 2193 hanc
935 2155 1215 2205 explicationen
1242 2156 1473 2205 impugnans
1502 2156 1590 2191 ante
1620 2168 1656 2191 v.

244 2219 266 2257 9
296 2220 425 2270 posuit
452 2234 488 2258 v.
521 2220 569 2257 10
600 2232 763 2269 eumque
792 2219 841 2257 ad
870 2232 927 2266 ea,
957 2232 1043 2269 quae
1062 2220 1297 2270 praecedunt,
1317 2218 1511 2268 pertinere
1530 2219 1655 2267 putat,

243 2297 279 2322 v.
312 2285 362 2322 14
391 2284 564 2335 spurium
583 2285 714 2322 habet.
770 2283 1031 2334 Transpositio
1052 2297 1184 2323 versus
1205 2283 1343 2322 decimi
1361 2285 1492 2320 tamen
1509 2281 1656 2320 nemini

242 2360 290 2385 ne
319 2348 479 2386 Lehrsio
509 2348 665 2398 quidem
693 2347 852 2397 placuit,
881 2361 968 2397 quae
996 2348 1029 2385 si
1056 2361 1132 2385 non
1159 2348 1357 2397 probatur,
1386 2346 1470 2384 haec
1498 2346 1656 2396 quidem

242 2424 357 2450 causa
397 2427 433 2451 v.
472 2413 522 2451 14
552 2412 715 2451 eiciendi
743 2411 897 2450 sublata
927 2414 997 2458 est,
1026 2411 1173 2450 Peerlc.
1204 2413 1333 2449 autem
1362 2410 1481 2448 aliam
1510 2410 1656 2461 seposi-

239 2478 321 2514 tam
366 2477 499 2515 habet.
589 2477 860 2523 „December,“
913 2476 1052 2526 inquit,
1101 2477 1214 2523 „folia
1256 2475 1457 2513 arboribus
1500 2475 1656 2520 excutit,

240 2540 308 2578 sed
350 2541 436 2591 quis
477 2541 550 2580 hoc
591 2540 689 2593 serio
733 2536 781 2578 ad
814 2540 997 2579 honorem
1025 2539 1149 2578 Fauni
1177 2539 1387 2578 transferat
1401 2541 1440 2578 ?“
1475 2538 1663 2578 Omnibus
