1768 2856
41 2837 67 2856 :⁴—
57 2805 60 2808 ,

3 248 13 266 -·
33 259 37 266 i
116 260 268 322 'dictum
296 282 366 326 est,
395 275 581 318 Horatius
608 291 684 316 non
718 280 777 315 est
808 277 1150 327 praestantissimus
1177 270 1218 314 in
1246 276 1327 314 odis
1354 277 1533 327 politicis,

101 341 286 398 v‘quarum
325 344 430 382 11888-
450 342 608 381 minime
650 341 788 380 eximia
827 343 897 379 est.
952 339 1008 379 Ut
1022 353 1165 384 ,01111183
1192 339 1536 390 hypercriticorum

57 444 59 447 ,
116 410 317 462 opiniones
363 407 673 458 praetermittam,
715 408 869 444 tantum
914 407 1035 443 restat
1081 404 1451 455 reprehendendum,
1493 409 1536 443 ut

118 477 262 525 optem,
304 486 353 510 ne
395 484 551 510 carmen
578 470 717 509 Horati
745 470 808 508 sit.
864 469 1005 508 Statim
1037 472 1168 507 tamen
1196 469 1336 507 addere
1364 469 1447 507 volo
1474 483 1536 507 me

82 547 85 550 ·
115 551 196 578 11011
235 550 347 588 posse
390 536 445 574 eis
487 534 678 581 assentiri,
721 534 789 585 qui
829 536 968 584 putent
1008 535 1089 572 tota
1131 533 1302 572 carmina
1337 533 1469 584 spuria
1496 534 1538 571 in

122 602 263 643 Horati
297 600 452 650 scriptis
486 600 623 638 inesse.
679 598 823 637 Mirum
852 600 910 636 est
936 598 1035 636 nihil
1063 598 1103 635 in
1132 598 1204 636 oda
1231 597 1275 636 L.
1305 598 1537 643 Muellerum

116 665 335 711 offendisse,
380 663 531 714 Gruppi
572 663 702 701 Minoa
736 676 821 701 eam
848 663 964 713 plane
992 662 1171 713 ignorare
1199 662 1334 708 videri,
1364 661 1536 700 Aeacum

119 729 290 769 breviter
331 718 586 778 strictimque·
615 726 813 779 dumtaxat
854 727 1048 778 attingere
1077 726 1205 776 aliquo
1233 726 1313 765 loco
1343 727 1535 765 dicentem

116 807 206 832 eam
233 793 317 831 sibi,
338 806 420 830 esse
449 787 775 842 suspectissimam
803 794 842 829 et
870 790 943 829 alio
972 791 1052 830 1080
1081 804 1122 829 38
1149 790 1534 842 Peerlcampiumque

116 871 206 896 eam
247 856 418 907 spuriam
445 856 602 894 habere.
659 855 737 894 Diu
766 856 960 910 dubitasse
988 856 1152 901 videtur,
1182 857 1389 905 antequam
1417 870 1533 907 repu-

116 921 256 967 diaret,
285 921 325 958 id
354 921 454 970 quod
473 920 545 958 1108
563 920 604 958 111
623 920 792 958 carmine
810 920 919 958 nobis
937 913 1093 957 minime
1114 920 1359 970 opinantibus
1379 921 1532 959 accidit.

120 985 321 1023 Extremas
350 985 444 1022 duas
472 984 649 1035 strophas
667 984 746 1022 iam
765 986 853 1022 ante
871 983 1085 1022 Peerlczum
1104 984 1356 1022 Duhamelius
1375 985 1534 1035 quidam

115 1049 227 1088 obelo
246 1049 407 1105 notavit.
449 1049 649 1087 Acerrime
670 1062 824 1087 carmen
841 1051 1018 1086 vexatum
1037 1052 1094 1086 est
1113 1063 1135 1086 a
1154 1048 1337 1094 Peerlc:o,
1357 1049 1531 1096 Lehrsio,

117 1112 334 1159 Schuetzio,
377 1126 539 1163 quorum
571 1112 614 1151 P.
644 1115 764 1151 totam
794 1113 914 1158 odam,
943 1112 988 1151 L.
1019 1115 1205 1151 extremas
1233 1115 1312 1151 tres
1340 1114 1530 1164 strophas.

116 1177 157 1216 S.
200 1178 345 1228 primas
387 1181 466 1215 tres
508 1180 576 1216 str.
619 1177 850 1227 repudiavit.
907 1176 1047 1215 Omnes
1075 1180 1154 1215 tres
1182 1177 1531 1217 vehementissimis

114 1241 245 1279 'verbis
286 1242 346 1278 usi
388 1244 488 1278 sunt.
517 1241 664 1279 Peerlc.
696 1244 734 1279 et
769 1241 950 1278 Lehrsius
985 1244 1172 1278 extremas
1201 1241 1288 1278 illas
1317 1244 1385 1279 str.
1415 1242 1532 1280 irrisu

117 1305 257 1344 acerbe
285 1305 534 1344 insectantur.
596 1304 764 1353 „Quibus
793 1305 1027 1352 cachinnis“,
1056 1305 1182 1355 inquit
1199 1304 1257 1352 P„
1283 1305 1532 1352 „hodiernum

114 1372 271 1419 ,poetam
300 1370 571 1419 exciperemus,
601 1370 634 1407 si
661 1370 755 1407 talia
774 1370 997 1416 scriberet‘,
1027 1372 1065 1407 et
1084 1370 1266 1407 Lehrsius
1285 1370 1407 1408 multa
1425 1371 1529 1409 ioca-

117 1436 191 1481 tus,
226 1434 404 1485 „ineptiae
423 1433 599 1481 harum“,
628 1434 765 1485 inquit,
801 1434 1065 1484 „stropharum
1083 1434 1199 1472 trium
1220 1434 1348 1472 verbis
1368 1435 1530 1485 exprimi

113 1508 202 1537 ‘non'
218 1501 398 1548 possunt“
408 1529 416 1537 .
1137 1504 1139 1508 ’

245 1562 279 1600 Ε
307 1562 437 1600 multis
465 1562 835 1612 reprehensionibUS,
865 1575 950 1612 quae
970 1576 992 1599 a
1011 1562 1103 1600 viris
1123 1562 1200 1599 iam
1226 1564 1537 1602 commemoratis

113 1626 243 1665 allatae
272 1629 373 1672 sunt,
403 1627 548 1676 aliquot
574 1626 697 1676 primo
726 1629 884 1675 aspectu
903 1627 1055 1672 cadunt,
1075 1629 1207 1676 utpote
1226 1640 1313 1676 quae
1333 1641 1355 1664 a
1374 1627 1528 1677 vitupe-

116 1690 230 1727 randi
257 1690 418 1728 libidine
437 1690 619 1739 profectae
639 1690 728 1727 sint.
775 1689 830 1727 Ut
848 1689 994 1727 Peerlc.
1024 1690 1072 1727 ad
1090 1691 1210 1735 verba
1229 1695 1344 1728 morte
1363 1692 1528 1729 venalem

107 1755 247 1803 ,petisse
290 1755 444 1792 laurum
484 1754 567 1792 haec
610 1754 823 1792 annotavit:
878 1753 1005 1803 „Ergo
1047 1753 1150 1804 Aug.
1192 1756 1364 1792 mortuus
1397 1755 1525 1793 rediit.

114 1817 216 1855 Nam
245 1818 312 1867 qui
340 1818 585 1867 consequitur
612 1817 762 1855 laurum
788 1820 910 1855 morte
929 1817 1116 1863 venalem,
1136 1818 1169 1855 is
1187 1831 1263 1855 non
1283 1818 1528 1867 consequitur

111 1882 188 1920 nisi
215 1883 339 1933 pretio
367 1882 540 1921 mortis“.
583 1881 671 1920 Nisi
698 1881 742 1920 P.
772 1884 906 1932 suopte
935 1882 1089 1932 ingenio
1117 1884 1240 1932 poetae
1269 1883 1388 1921 verba
1417 1883 1528 1933 quasi

112 1947 263 1997 capillis
291 1947 449 1985 trahere
473 1947 667 1993 voluisset,
696 1947 959 1992 intellexisset,
988 1951 1103 1984 morte
1130 1948 1256 1984 venale
1283 1960 1358 1985 non
1386 1960 1468 1985 esse
1487 1947 1528 1985 id

111 2012 213 2061 quod
255 2012 341 2061 quis
369 2012 459 2050 vitae
488 2012 637 2050 iactura
666 2011 894 2061 assequitur,
924 2002 991 2049 sed
1019 2011 1059 2049 id
1087 2011 1188 2061 quod
1207 2011 1293 2061 quis
1312 2011 1402 2049 vitae
1421 2012 1526 2061 peri-

111 2075 195 2113 culo
225 2076 481 2125 consequitur,
508 2078 552 2113 ut
570 2076 648 2113 iam
667 2075 925 2125 antiquissimi
945 2078 983 2113 et
1002 2075 1276 2125 simplicissimi
1296 2076 1526 2124 interpretes

114 2139 411 2189 explicaverunt,
440 2139 679 2178 Pseudoacro
708 2142 747 2178 et
775 2139 919 2190 Cruqui
948 2142 1233 2185 commentator,
1263 2140 1329 2189 qui
1350 2142 1523 2178 vocatur:

112 2203 251 2241 Mortis
279 2205 378 2241 enim
406 2208 614 2253 contemptu
642 2204 727 2241 laus
749 2205 914 2242 vietorioe
933 2205 1119 2254 quoerc‘tur
1138 2208 1171 2240 et
1190 2204 1383 2253 triumphi.
1406 2226 1454 2230 —
1475 2203 1524 2242 V.

114 2267 176 2313 13,
204 2269 254 2305 14
282 2268 359 2305 Hic
378 2268 456 2306 dies
474 2281 555 2305 vere
573 2268 668 2305 mihi
684 2268 804 2316 festus
822 2272 930 2306 atras
948 2269 1080 2305 eximet
1099 2280 1224 2305 curas.
1245 2266 1321 2305 Hic
1340 2266 1383 2305 P.
1406 2281 1524 2306 anno-

112 2331 227 2369 tavit:
263 2331 404 2378 „Quasi
431 2331 525 2369 Hor.
556 2332 642 2369 aliis
671 2332 805 2369 diebus
833 2345 903 2381 per
927 2334 1049 2369 totum
1070 2345 1212 2369 annum
1231 2331 1325 2369 atris
1345 2332 1446 2369 curis
1465 2332 1525 2370 vi-

111 2397 219 2433 veret
248 2397 488 2446 oppressus“.
531 2394 641 2433 Talia
668 2409 779 2434 nemo
807 2395 933 2433 dicere
963 2398 1100 2445 potest,
1129 2395 1204 2433 nisi
1233 2396 1300 2445 qui
1319 2392 1524 2446 praemedi-

109 2459 214 2497 tatus
243 2473 330 2498 cum
359 2460 485 2499 animo
513 2473 579 2498 suo
615 2460 752 2499 statuit
770 2460 1002 2510 vituperare.
1051 2459 1092 2498 Si
1112 2460 1198 2510 quis
1219 2460 1329 2499 dicit:
1360 2460 1424 2499 hic
1444 2461 1525 2499 dies

108 2521 230 2561 festus
251 2527 320 2571 est,
351 2525 464 2563 hodie
485 2538 612 2563 omnes
633 2538 743 2563 curas
763 2525 963 2574 deponam,
985 2527 1051 2563 aut
1078 2526 1253 2564 stultitiae
1275 2528 1341 2563 aut
1360 2526 1521 2563 malitiae

1378 2595 1395 2620 3
