1768 2856
874 218 1084 255 ...37-

272 329 341 374 est‚
371 326 473 376 quod
501 325 642 363 ianitor
670 324 827 375 quidam
855 324 931 362 sibi
958 323 1140 362 molestus
1168 323 1330 362 fortasse
1358 323 1510 362 futurus
1537 328 1635 363 esset
1644 326 1686 375 ¹).

270 390 422 432 Dixerit
436 389 629 440 quispiam
641 388 846 426 Horatium
857 387 936 425 iam
953 382 1157 435 ,flaccum“
1174 388 1263 426 vino
1276 390 1314 426 et
1324 388 1521 426 madidum
1536 402 1689 427 carmen

271 456 421 501 fecisse,
452 454 589 492 deinde
617 455 697 491 tres
724 452 868 502 primos
896 451 1014 490 libros
1044 452 1237 490 editurum
1257 466 1277 490 e
1298 452 1442 490 chartis
1462 453 1618 499 eruisse,
1647 457 1690 492 ut

270 521 413 559 librum
440 515 650 567 suppleret,
693 529 770 565 qua
797 516 838 553 in
870 529 913 554 re
942 529 985 554 eo
1012 516 1165 555 facilius
1194 516 1395 554 connivere
1422 517 1561 566 potuit,
1591 518 1690 567 quod

272 596 426 624 carmen
468 581 648 630 (maxime
690 580 849 630 stropha
882 580 1026 630 media)
1061 581 1110 618 ad
1138 580 1329 619 Gaesarem
1357 573 1591 619 adulandum
1620 595 1690 631 ap-

271 647 462 687 tissimum
504 647 599 683 erat.
663 644 941 695 Complementi
977 658 1092 683 causa
1119 645 1241 683 multa
1268 645 1309 683 in
1337 645 1493 695 scriptis
1523 645 1691 683 omnium

271 713 353 751 fere
380 713 581 761 poetarum
608 710 750 747 insunt.
793 709 1002 754 Quantum
1022 723 1042 748 e
1061 710 1389 760 praestantissimis
1409 710 1688 748 recentioribus

271 775 407 827 poetis>
438 773 654 812 eiciendum
696 775 790 819 erat,
826 773 859 810 si
898 773 1052 823 optimis
1082 787 1211 812 eorum
1238 774 1425 824 poematis
1454 774 1580 811 omnia
1607 787 1689 812 me·-

272 840 450 878 tiremur!

401 901 537 951 Itaque
580 902 729 939 animus
769 915 1012 951 nequaquam
1053 902 1224 948 inclinat,
1259 905 1302 940 ut
1330 916 1485 940 carmen
1513 902 1689 952 spurium

273 970 418 1019 putem.
475 965 516 1004 Si
559 966 693 1004 critica
728 979 789 1004 ars
817 966 858 1004 in
886 961 1018 1004 eodem
1045 980 1147 1005 nunc
1177 969 1277 1005 esset
1304 968 1420 1012 statu,
1450 980 1524 1017 quo
1553 966 1687 1005 Peerl-

274 1031 400 1081 campi
428 1033 600 1080 tempore
630 1032 724 1076 erat,
754 1030 1066 1081 interpolationes
1094 1031 1370 1081 indagantibus
1398 1032 1515 1069 fidem
1542 1031 1687 1069 habere

273 1095 393 1134 multo
421 1097 522 1133 esset
549 1094 715 1140 facilius,
750 1095 965 1144 praesertim
993 1095 1026 1132 si
1053 1094 1361 1144 peerlcampiano
1390 1095 1687 1133 sublevarentur

273 1159 441 1210 ingenio.
498 1159 625 1204 Quum
654 1159 756 1197 enim
783 1159 1094 1208 interpolationes
1123 1173 1192 1209 per
1217 1159 1483 1209 longissimum
1503 1160 1687 1209 temporis

275 1223 443 1273 spatium
479 1223 526 1260 ab
556 1222 694 1260 Horati
722 1222 811 1260 inde
838 1225 959 1260 morte
987 1236 1107 1271 usque
1137 1224 1185 1260 ad
1214 1226 1336 1260 artem
1363 1223 1688 1273 typographicam

275 1287 472 1325 inventam
499 1286 613 1324 factae
644 1299 726 1324 esse
756 1286 1012 1332 crederentur,
1043 1289 1081 1324 et
1099 1300 1255 1324 numero
1275 1286 1477 1336 permultae
1496 1286 1684 1324 videban-

275 1354 339 1389 tur
368 1354 406 1389 et
440 1351 670 1389 facillimum
699 1354 781 1389 erat
810 1351 976 1389 omnium
1004 1351 1274 1389 difficultatum
1303 1351 1456 1401 culpam
1483 1351 1523 1388 in
1552 1364 1685 1401 gram-

275 1415 514 1460 maticorum,
562 1415 772 1460 rhetorum,
814 1414 1070 1461 librariorum,
1114 1414 1385 1452 monachorum
1427 1415 1686 1452 insulsitatem

276 1480 460 1518 conferre.
518 1479 643 1525 Quum
673 1482 800 1518 autem
827 1479 939 1518 hodie
967 1479 1312 1518 innumerabilibus
1340 1493 1459 1529 prope
1478 1479 1605 1518 dicam
1622 1482 1682 1517 te-

275 1543 462 1580 stimoniis
497 1544 545 1580 ad
577 1543 767 1592 liquidum
798 1543 1026 1592 perductum
1054 1543 1113 1588 sit,
1156 1543 1294 1580 Horati
1323 1545 1540 1580 contextum
1567 1543 1686 1580 talem

276 1609 416 1653 extare,
460 1607 584 1657 qualis
628 1608 677 1645 60
720 1607 781 1645 vel
817 1607 866 1645 70
901 1607 1010 1645 annis
1043 1609 1129 1657 post
1164 1606 1244 1645 eius
1272 1609 1435 1645 mortem
1462 1606 1593 1653 fuerit,
1623 1607 1685 1645 vix

275 1670 479 1720 quisquam
519 1671 628 1708 nobis
670 1671 900 1720 persuadere
941 1673 1079 1719 potest,
1123 1671 1436 1719 interpolationes
1470 1670 1611 1707 multas
1647 1673 1686 1707 et

273 1747 435 1785 magnas
477 1735 601 1773 inesse
642 1735 682 1772 in
724 1734 852 1781 libris,
895 1734 960 1785 qui
1002 1734 1130 1785 paullo
1172 1738 1258 1785 post
1291 1737 1413 1785 poetae
1447 1737 1610 1773 mortem
1645 1735 1685 1772 in

274 1798 414 1836 scholis
442 1812 513 1835 usu
542 1798 814 1848 discipulorum
842 1799 927 1836 triti
954 1799 1043 1836 sint.
1099 1799 1276 1837 Juvenal.
1309 1800 1344 1845 7,
1374 1800 1464 1836 225:

660 1877 803 1905 Totidem
826 1877 966 1904 olfecisse
988 1877 1129 1904 lucernas

532 1931 613 1961 Quot
637 1931 760 1957 stabant
783 1931 881 1965 pueri,
906 1939 975 1957 cum
998 1932 1085 1957 totus
1108 1931 1230 1956 decolor
1253 1932 1335 1957 esset

532 1984 659 2011 Flaccus
681 1985 711 2011 et
726 1984 854 2011 haereret
877 1984 965 2019 nigro
988 1984 1084 2019 fuligo
1107 1984 1234 2011 Maroni.

275 2054 464 2091 Carminis
493 2056 611 2092 verba
639 2058 781 2104 praeter
815 2056 957 2104 Porph.
987 2059 1025 2093 et
1052 2055 1380 2093 Pseudoacronem
1409 2056 1526 2092 etiam
1555 2055 1677 2093 Prisc.

411 2192 431 2229 ¹)
455 2199 622 2225 Ianitorem
645 2199 741 2225 istum
763 2208 823 2225 non
847 2207 864 2225 a
885 2200 951 2226 viro
974 2199 1084 2226 Neaerae
1108 2199 1312 2225 constitutum
1335 2207 1413 2231 esse,
1437 2200 1473 2225 ut
1494 2199 1595 2225 Ritter
1611 2199 1686 2226 dicit

274 2249 313 2277 ad
345 2250 444 2286 Epod.
479 2251 542 2284 XV,
575 2251 626 2278 vix
660 2253 718 2285 est,
753 2251 836 2287 quod
864 2259 1012 2279 moneam.
1060 2252 1158 2284 „Num
1192 2248 1334 2283 ianit0r“‚
1358 2251 1457 2285 inquit
1480 2251 1526 2283 R„
1553 2252 1686 2285 „morari

274 2305 379 2339 potuit
402 2305 451 2331 sui
474 2305 550 2332 iuris
573 2305 736 2333 feminam?
779 2306 913 2333 Minime.
936 2306 1068 2333 Maritus
1091 2306 1186 2339 igitur
1209 2307 1396 2340 apposuerat
1412 2305 1501 2332 uxori
1514 2305 1686 2339 custodem,

275 2357 328 2391 qui
355 2358 421 2384 viro
449 2358 592 2384 iniuriam
615 2358 778 2385 defendere
801 2356 963 2385 debebat“.
1010 2359 1113 2385 Triste
1137 2366 1209 2385 sane
1231 2359 1343 2385 fuisset
1366 2358 1482 2385 talibus
1506 2359 1688 2386 conditioni-

274 2409 334 2438 bus
368 2411 514 2439 maritum
548 2413 631 2439 esse!
678 2412 755 2445 Quis
789 2413 892 2440 autem
915 2420 1047 2448 usquam
1069 2412 1222 2440 terrarum
1245 2413 1358 2448 praeter
1379 2412 1534 2440 Ritterum
1557 2413 1688 2440 credidit

274 2465 436 2493 ostiarium
458 2466 545 2493 illum
566 2463 773 2501 prohibuisse,
796 2475 834 2494 ne
857 2467 979 2494 domina
1001 2467 1070 2501 ipsa
1103 2467 1210 2500 exiret,
1239 2476 1334 2502 quum
1356 2467 1425 2494 luce
1447 2467 1561 2495 clarius
1590 2469 1685 2500 esset,

273 2524 345 2552 eum
377 2518 585 2553 impedivisse,
619 2527 657 2546 ne
690 2527 768 2554 puer
800 2520 910 2546 Horati
943 2519 983 2546 ad.
1015 2519 1160 2546 feminam
1187 2520 1455 2553 intromitteretur,
1480 2521 1568 2547 cuius
1597 2521 1689 2547 ianua.

273 2577 385 2606 magna
407 2572 546 2607 quotidie
568 2572 739 2607 frequentia
762 2572 906 2600 iuvenum
929 2572 1161 2600 celebrabatur?
