<?xml version="1.0" encoding="UTF-8"?>
<!DOCTYPE html PUBLIC "-//W3C//DTD XHTML 1.0 Transitional//EN"
    "http://www.w3.org/TR/xhtml1/DTD/xhtml1-transitional.dtd">
<html xmlns="http://www.w3.org/1999/xhtml" xml:lang="en" lang="en">
 <head>
  <title>
</title>
<meta http-equiv="Content-Type" content="text/html;charset=utf-8" />
  <meta name='ocr-system' content='tesseract 3.04.00' />
  <meta name='ocr-capabilities' content='ocr_page ocr_carea ocr_par ocr_line ocrx_word'/>
</head>
<body>
  <div class='ocr_page' id='page_1' title='image "4737356_0009.png"; bbox 0 0 1768 2856; ppageno 0'>
   <div class='ocr_carea' id='block_1_1' title="bbox 647 0 1364 61">
    <p class='ocr_par' dir='ltr' id='par_1_1' title="bbox 647 0 1364 61">
     <span class='ocr_line' id='line_1_1' title="bbox 647 0 1364 61; baseline 0 2795"><span class='ocrx_word' id='word_1_1' title='bbox 647 0 1364 61; x_wconf 95' lang='lat' dir='ltr'> </span> 
     </span>
    </p>
   </div>
   <div class='ocr_carea' id='block_1_2' title="bbox 55 809 1519 2374">
    <p class='ocr_par' dir='ltr' id='par_1_2' title="bbox 57 809 1519 1091">
     <span class='ocr_line' id='line_1_2' title="bbox 57 809 1519 907; baseline -0.003 -17"><span class='ocrx_word' id='word_1_2' title='bbox 57 861 59 863; x_wconf 81' lang='grc'>’</span> <span class='ocrx_word' id='word_1_3' title='bbox 104 809 269 907; x_wconf 70' lang='lat' dir='ltr'>Quum</span> <span class='ocrx_word' id='word_1_4' title='bbox 308 852 387 888; x_wconf 89' lang='lat' dir='ltr'>iam</span> <span class='ocrx_word' id='word_1_5' title='bbox 429 849 502 886; x_wconf 90' lang='lat' dir='ltr'>alio</span> <span class='ocrx_word' id='word_1_6' title='bbox 545 850 717 897; x_wconf 88' lang='lat' dir='ltr'>tempore</span> <span class='ocrx_word' id='word_1_7' title='bbox 739 847 769 895; x_wconf 93' lang='lat' dir='ltr'>l)</span> <span class='ocrx_word' id='word_1_8' title='bbox 803 847 1151 896; x_wconf 82' lang='lat' dir='ltr'>interpolationum,</span> <span class='ocrx_word' id='word_1_9' title='bbox 1182 861 1267 897; x_wconf 88' lang='lat' dir='ltr'>quae</span> <span class='ocrx_word' id='word_1_10' title='bbox 1296 848 1336 885; x_wconf 91' lang='lat' dir='ltr'>in</span> <span class='ocrx_word' id='word_1_11' title='bbox 1364 848 1519 898; x_wconf 87' lang='lat' dir='ltr'>scriptis</span> 
     </span>
     <span class='ocr_line' id='line_1_3' title="bbox 104 900 1519 962; baseline -0.004 -6"><span class='ocrx_word' id='word_1_12' title='bbox 104 917 245 957; x_wconf 84' lang='lat' dir='ltr'>Horati</span> <span class='ocrx_word' id='word_1_13' title='bbox 286 916 411 954; x_wconf 80' lang='lat' dir='ltr'>inesse</span> <span class='ocrx_word' id='word_1_14' title='bbox 453 912 673 957; x_wconf 84' lang='lat' dir='ltr'>ereduntur,</span> <span class='ocrx_word' id='word_1_15' title='bbox 713 900 934 949; x_wconf 31' lang='lat' dir='ltr'>historiam·</span> <span class='ocrx_word' id='word_1_16' title='bbox 957 911 1123 949; x_wconf 87' lang='lat' dir='ltr'>breviter</span> <span class='ocrx_word' id='word_1_17' title='bbox 1167 912 1416 962; x_wconf 83' lang='lat' dir='ltr'>exposuerim,</span> <span class='ocrx_word' id='word_1_18' title='bbox 1456 912 1519 951; x_wconf 89' lang='lat' dir='ltr'>hic</span> 
     </span>
     <span class='ocr_line' id='line_1_4' title="bbox 66 966 1518 1032; baseline -0.004 -12"><span class='ocrx_word' id='word_1_19' title='bbox 66 968 68 971; x_wconf 27' lang='grc' dir='ltr'>Ι</span> <span class='ocrx_word' id='word_1_20' title='bbox 107 995 231 1032; x_wconf 87' lang='lat' dir='ltr'>pauca</span> <span class='ocrx_word' id='word_1_21' title='bbox 263 977 525 1018; x_wconf 89' lang='lat' dir='ltr'>tantummodo</span> <span class='ocrx_word' id='word_1_22' title='bbox 555 976 694 1013; x_wconf 83' lang='lat' dir='ltr'>addam</span> <span class='ocrx_word' id='word_1_23' title='bbox 723 966 839 1025; x_wconf 88' lang='lat' dir='ltr'>atque</span> <span class='ocrx_word' id='word_1_24' title='bbox 867 975 1051 1025; x_wconf 82' lang='lat' dir='ltr'>pleraque</span> <span class='ocrx_word' id='word_1_25' title='bbox 1081 989 1137 1021; x_wconf 76' lang='lat' dir='ltr'>ea,</span> <span class='ocrx_word' id='word_1_26' title='bbox 1173 990 1258 1025; x_wconf 88' lang='lat' dir='ltr'>quae</span> <span class='ocrx_word' id='word_1_27' title='bbox 1288 976 1337 1014; x_wconf 85' lang='lat' dir='ltr'>ad</span> <span class='ocrx_word' id='word_1_28' title='bbox 1364 976 1518 1014; x_wconf 88' lang='lat' dir='ltr'>hodier—</span> 
     </span>
     <span class='ocr_line' id='line_1_5' title="bbox 106 1039 1350 1091; baseline -0.004 -8"><span class='ocrx_word' id='word_1_29' title='bbox 106 1059 198 1083; x_wconf 89' lang='lat' dir='ltr'>num</span> <span class='ocrx_word' id='word_1_30' title='bbox 225 1044 340 1082; x_wconf 90' lang='lat' dir='ltr'>huius</span> <span class='ocrx_word' id='word_1_31' title='bbox 369 1040 591 1091; x_wconf 68' lang='lat' dir='ltr'><strong>quaestionis</strong></span> <span class='ocrx_word' id='word_1_32' title='bbox 620 1041 764 1077; x_wconf 87' lang='lat' dir='ltr'>statum</span> <span class='ocrx_word' id='word_1_33' title='bbox 792 1039 1091 1077; x_wconf 77' lang='lat' dir='ltr'>collustrandum</span> <span class='ocrx_word' id='word_1_34' title='bbox 1118 1040 1350 1089; x_wconf 80' lang='lat' dir='ltr'>pertineant.</span> 
     </span>
    </p>

    <p class='ocr_par' dir='ltr' id='par_1_3' title="bbox 55 1103 1519 2244">
     <span class='ocr_line' id='line_1_6' title="bbox 238 1103 1518 1152; baseline -0.002 -7"><span class='ocrx_word' id='word_1_35' title='bbox 238 1105 466 1146; x_wconf 81' lang='lat' dir='ltr'>Guilielmus</span> <span class='ocrx_word' id='word_1_36' title='bbox 485 1103 694 1142; x_wconf 80' lang='lat' dir='ltr'>Teuffelius</span> <span class='ocrx_word' id='word_1_37' title='bbox 714 1103 792 1141; x_wconf 88' lang='lat' dir='ltr'>iam</span> <span class='ocrx_word' id='word_1_38' title='bbox 811 1116 869 1141; x_wconf 90' lang='lat' dir='ltr'>a:o</span> <span class='ocrx_word' id='word_1_39' title='bbox 892 1104 993 1141; x_wconf 84' lang='lat'>1859</span> <span class='ocrx_word' id='word_1_40' title='bbox 1014 1103 1045 1152; x_wconf 77' lang='lat'>²)</span> <span class='ocrx_word' id='word_1_41' title='bbox 1066 1103 1160 1141; x_wconf 92' lang='lat' dir='ltr'>dixit</span> <span class='ocrx_word' id='word_1_42' title='bbox 1180 1104 1393 1142; x_wconf 72' lang='lat' dir='ltr'>doctrinam</span> <span class='ocrx_word' id='word_1_43' title='bbox 1411 1104 1518 1143; x_wconf 84' lang='lat' dir='ltr'>illam</span> 
     </span>
     <span class='ocr_line' id='line_1_7' title="bbox 105 1167 1519 1219; baseline -0.001 -10"><span class='ocrx_word' id='word_1_44' title='bbox 105 1173 153 1209; x_wconf 89' lang='lat' dir='ltr'>de</span> <span class='ocrx_word' id='word_1_45' title='bbox 187 1168 547 1219; x_wconf 83' lang='lat' dir='ltr'>interpolationibus</span> <span class='ocrx_word' id='word_1_46' title='bbox 582 1167 725 1216; x_wconf 90' lang='lat' dir='ltr'>ubique</span> <span class='ocrx_word' id='word_1_47' title='bbox 754 1167 967 1205; x_wconf 82' lang='lat' dir='ltr'>statuendis</span> <span class='ocrx_word' id='word_1_48' title='bbox 995 1167 1035 1204; x_wconf 92' lang='lat' dir='ltr'>in</span> <span class='ocrx_word' id='word_1_49' title='bbox 1064 1168 1156 1205; x_wconf 87' lang='lat' dir='ltr'>artis</span> <span class='ocrx_word' id='word_1_50' title='bbox 1185 1168 1329 1206; x_wconf 80' lang='lat' dir='ltr'>criticae</span> <span class='ocrx_word' id='word_1_51' title='bbox 1356 1168 1519 1207; x_wconf 88' lang='lat' dir='ltr'>historia</span> 
     </span>
     <span class='ocr_line' id='line_1_8' title="bbox 80 1231 1516 1285; baseline -0.001 -13"><span class='ocrx_word' id='word_1_52' title='bbox 80 1249 82 1251; x_wconf 60' lang='grc'><strong><em>’</em></strong></span> <span class='ocrx_word' id='word_1_53' title='bbox 104 1235 216 1285; x_wconf 88' lang='lat' dir='ltr'>quasi</span> <span class='ocrx_word' id='word_1_54' title='bbox 245 1236 373 1272; x_wconf 86' lang='lat' dir='ltr'>actum</span> <span class='ocrx_word' id='word_1_55' title='bbox 401 1232 593 1282; x_wconf 85' lang='lat' dir='ltr'>quendam</span> <span class='ocrx_word' id='word_1_56' title='bbox 622 1231 772 1269; x_wconf 86' lang='lat' dir='ltr'>efficere</span> <span class='ocrx_word' id='word_1_57' title='bbox 800 1244 1009 1280; x_wconf 88' lang='lat' dir='ltr'>numquam</span> <span class='ocrx_word' id='word_1_58' title='bbox 1036 1233 1141 1269; x_wconf 89' lang='lat' dir='ltr'>tanto</span> <span class='ocrx_word' id='word_1_59' title='bbox 1172 1245 1258 1269; x_wconf 88' lang='lat' dir='ltr'>cum</span> <span class='ocrx_word' id='word_1_60' title='bbox 1286 1232 1452 1283; x_wconf 87' lang='lat' dir='ltr'>strepitu</span> <span class='ocrx_word' id='word_1_61' title='bbox 1478 1235 1516 1271; x_wconf 89' lang='lat' dir='ltr'>et</span> 
     </span>
     <span class='ocr_line' id='line_1_9' title="bbox 105 1295 1515 1346; baseline -0.001 -10"><span class='ocrx_word' id='word_1_62' title='bbox 105 1298 275 1336; x_wconf 91' lang='lat' dir='ltr'>tumultu</span> <span class='ocrx_word' id='word_1_63' title='bbox 303 1299 488 1346; x_wconf 89' lang='lat' dir='ltr'>tantaque</span> <span class='ocrx_word' id='word_1_64' title='bbox 517 1295 724 1334; x_wconf 85' lang='lat' dir='ltr'>iactatione</span> <span class='ocrx_word' id='word_1_65' title='bbox 751 1295 977 1332; x_wconf 86' lang='lat' dir='ltr'>rediturum.</span> <span class='ocrx_word' id='word_1_66' title='bbox 1033 1295 1128 1333; x_wconf 86' lang='lat' dir='ltr'>Haeo</span> <span class='ocrx_word' id='word_1_67' title='bbox 1148 1309 1235 1345; x_wconf 84' lang='lat' dir='ltr'>spes</span> <span class='ocrx_word' id='word_1_68' title='bbox 1256 1310 1343 1334; x_wconf 89' lang='lat' dir='ltr'>eum</span> <span class='ocrx_word' id='word_1_69' title='bbox 1362 1297 1515 1343; x_wconf 75' lang='lat' dir='ltr'>fefellit,</span> 
     </span>
     <span class='ocr_line' id='line_1_10' title="bbox 106 1358 1517 1411; baseline -0.001 -12"><span class='ocrx_word' id='word_1_70' title='bbox 106 1376 194 1400; x_wconf 90' lang='lat' dir='ltr'>nam</span> <span class='ocrx_word' id='word_1_71' title='bbox 235 1363 322 1411; x_wconf 86' lang='lat' dir='ltr'>post</span> <span class='ocrx_word' id='word_1_72' title='bbox 363 1361 403 1398; x_wconf 89' lang='lat' dir='ltr'>id</span> <span class='ocrx_word' id='word_1_73' title='bbox 436 1363 587 1410; x_wconf 88' lang='lat' dir='ltr'>tempus</span> <span class='ocrx_word' id='word_1_74' title='bbox 622 1361 661 1397; x_wconf 88' lang='lat' dir='ltr'>et</span> <span class='ocrx_word' id='word_1_75' title='bbox 689 1358 839 1409; x_wconf 80' lang='lat' dir='ltr'>Gruppi</span> <span class='ocrx_word' id='word_1_76' title='bbox 868 1361 917 1396; x_wconf 71' lang='lat' dir='ltr'>et.</span> <span class='ocrx_word' id='word_1_77' title='bbox 934 1359 1071 1397; x_wconf 88' lang='lat' dir='ltr'>Lehrsi</span> <span class='ocrx_word' id='word_1_78' title='bbox 1101 1362 1138 1397; x_wconf 90' lang='lat' dir='ltr'>et</span> <span class='ocrx_word' id='word_1_79' title='bbox 1167 1360 1329 1397; x_wconf 87' lang='lat' dir='ltr'>aliorum</span> <span class='ocrx_word' id='word_1_80' title='bbox 1356 1360 1448 1398; x_wconf 89' lang='lat' dir='ltr'>libri</span> <span class='ocrx_word' id='word_1_81' title='bbox 1476 1361 1517 1398; x_wconf 90' lang='lat' dir='ltr'>in</span> 
     </span>
     <span class='ocr_line' id='line_1_11' title="bbox 105 1423 1515 1475; baseline 0 -12"><span class='ocrx_word' id='word_1_82' title='bbox 105 1439 240 1463; x_wconf 90' lang='lat' dir='ltr'>manus</span> <span class='ocrx_word' id='word_1_83' title='bbox 274 1425 472 1463; x_wconf 91' lang='lat' dir='ltr'>hominum</span> <span class='ocrx_word' id='word_1_84' title='bbox 499 1426 697 1462; x_wconf 82' lang='lat' dir='ltr'>venerunt.</span> <span class='ocrx_word' id='word_1_85' title='bbox 755 1423 862 1468; x_wconf 84' lang='lat' dir='ltr'>Quod</span> <span class='ocrx_word' id='word_1_86' title='bbox 890 1426 1019 1461; x_wconf 89' lang='lat' dir='ltr'>autem</span> <span class='ocrx_word' id='word_1_87' title='bbox 1048 1423 1184 1461; x_wconf 87' lang='lat' dir='ltr'>deinde</span> <span class='ocrx_word' id='word_1_88' title='bbox 1213 1424 1344 1475; x_wconf 87' lang='lat' dir='ltr'>pergit</span> <span class='ocrx_word' id='word_1_89' title='bbox 1370 1424 1515 1475; x_wconf 81' lang='lat' dir='ltr'>hyper-</span> 
     </span>
     <span class='ocr_line' id='line_1_12' title="bbox 105 1488 1515 1539; baseline -0.001 -11"><span class='ocrx_word' id='word_1_90' title='bbox 105 1490 326 1529; x_wconf 84' lang='lat' dir='ltr'>criticorum</span> <span class='ocrx_word' id='word_1_91' title='bbox 362 1489 556 1539; x_wconf 85' lang='lat' dir='ltr'>opiniones</span> <span class='ocrx_word' id='word_1_92' title='bbox 585 1488 651 1526; x_wconf 90' lang='lat' dir='ltr'>diu</span> <span class='ocrx_word' id='word_1_93' title='bbox 678 1501 802 1538; x_wconf 89' lang='lat' dir='ltr'>neque</span> <span class='ocrx_word' id='word_1_94' title='bbox 830 1492 983 1538; x_wconf 87' lang='lat' dir='ltr'>prorsus</span> <span class='ocrx_word' id='word_1_95' title='bbox 1013 1488 1203 1526; x_wconf 87' lang='lat' dir='ltr'>convictas</span> <span class='ocrx_word' id='word_1_96' title='bbox 1232 1502 1357 1539; x_wconf 88' lang='lat' dir='ltr'>neque</span> <span class='ocrx_word' id='word_1_97' title='bbox 1384 1489 1515 1527; x_wconf 88' lang='lat' dir='ltr'>fundi-</span> 
     </span>
     <span class='ocr_line' id='line_1_13' title="bbox 105 1544 1516 1604; baseline -0.001 -12"><span class='ocrx_word' id='word_1_98' title='bbox 105 1557 167 1592; x_wconf 86' lang='lat' dir='ltr'>tus</span> <span class='ocrx_word' id='word_1_99' title='bbox 209 1544 431 1604; x_wconf 85' lang='lat' dir='ltr'>repudiatas</span> <span class='ocrx_word' id='word_1_100' title='bbox 472 1566 671 1591; x_wconf 87' lang='lat' dir='ltr'>mansuras</span> <span class='ocrx_word' id='word_1_101' title='bbox 714 1566 807 1599; x_wconf 78' lang='lat' dir='ltr'>esse,</span> <span class='ocrx_word' id='word_1_102' title='bbox 850 1552 889 1589; x_wconf 92' lang='lat' dir='ltr'>id</span> <span class='ocrx_word' id='word_1_103' title='bbox 924 1565 998 1589; x_wconf 90' lang='lat' dir='ltr'>non</span> <span class='ocrx_word' id='word_1_104' title='bbox 1026 1553 1134 1590; x_wconf 93' lang='lat' dir='ltr'>modo</span> <span class='ocrx_word' id='word_1_105' title='bbox 1163 1555 1247 1590; x_wconf 88' lang='lat' dir='ltr'>tum</span> <span class='ocrx_word' id='word_1_106' title='bbox 1274 1554 1516 1591; x_wconf 87' lang='lat' dir='ltr'>verissimum</span> 
     </span>
     <span class='ocr_line' id='line_1_14' title="bbox 55 1609 1514 1669; baseline 0.002 -15"><span class='ocrx_word' id='word_1_107' title='bbox 55 1648 59 1654; x_wconf 92' lang='grc'><em>,</em></span> <span class='ocrx_word' id='word_1_108' title='bbox 104 1621 200 1666; x_wconf 88' lang='lat' dir='ltr'>erat,</span> <span class='ocrx_word' id='word_1_109' title='bbox 235 1619 302 1657; x_wconf 90' lang='lat' dir='ltr'>sed</span> <span class='ocrx_word' id='word_1_110' title='bbox 336 1618 453 1657; x_wconf 88' lang='lat' dir='ltr'>etiam</span> <span class='ocrx_word' id='word_1_111' title='bbox 486 1620 614 1656; x_wconf 89' lang='lat' dir='ltr'>nostro</span> <span class='ocrx_word' id='word_1_112' title='bbox 642 1620 812 1667; x_wconf 90' lang='lat' dir='ltr'>tempore</span> <span class='ocrx_word' id='word_1_113' title='bbox 840 1617 955 1655; x_wconf 87' lang='lat' dir='ltr'>valet.</span> <span class='ocrx_word' id='word_1_114' title='bbox 1011 1616 1136 1655; x_wconf 87' lang='lat' dir='ltr'>Hodie</span> <span class='ocrx_word' id='word_1_115' title='bbox 1166 1609 1315 1668; x_wconf 88' lang='lat' dir='ltr'>quoqne</span> <span class='ocrx_word' id='word_1_116' title='bbox 1344 1618 1514 1669; x_wconf 88' lang='lat' dir='ltr'>interpo-</span> 
     </span>
     <span class='ocr_line' id='line_1_15' title="bbox 104 1682 1514 1730; baseline 0.001 -10"><span class='ocrx_word' id='word_1_117' title='bbox 104 1683 267 1721; x_wconf 86' lang='lat' dir='ltr'>lationes</span> <span class='ocrx_word' id='word_1_118' title='bbox 298 1683 400 1720; x_wconf 88' lang='lat' dir='ltr'>inter</span> <span class='ocrx_word' id='word_1_119' title='bbox 428 1683 580 1720; x_wconf 87' lang='lat' dir='ltr'>criticos</span> <span class='ocrx_word' id='word_1_120' title='bbox 608 1682 825 1719; x_wconf 88' lang='lat' dir='ltr'>horatianos</span> <span class='ocrx_word' id='word_1_121' title='bbox 853 1684 896 1718; x_wconf 92' lang='lat' dir='ltr'>ut</span> <span class='ocrx_word' id='word_1_122' title='bbox 924 1682 1115 1730; x_wconf 90' lang='lat' dir='ltr'>quondam</span> <span class='ocrx_word' id='word_1_123' title='bbox 1142 1682 1244 1719; x_wconf 89' lang='lat' dir='ltr'>inter</span> <span class='ocrx_word' id='word_1_124' title='bbox 1272 1683 1363 1719; x_wconf 89' lang='lat' dir='ltr'>deas</span> <span class='ocrx_word' id='word_1_125' title='bbox 1384 1683 1514 1721; x_wconf 87' lang='lat' dir='ltr'>Eridis</span> 
     </span>
     <span class='ocr_line' id='line_1_16' title="bbox 104 1745 1514 1801; baseline 0 -16"><span class='ocrx_word' id='word_1_126' title='bbox 104 1760 263 1785; x_wconf 87' lang='lat' dir='ltr'>aureum</span> <span class='ocrx_word' id='word_1_127' title='bbox 303 1746 398 1785; x_wconf 90' lang='lat' dir='ltr'>illud</span> <span class='ocrx_word' id='word_1_128' title='bbox 439 1759 606 1801; x_wconf 58' lang='lat' dir='ltr'>pomunr</span> <span class='ocrx_word' id='word_1_129' title='bbox 636 1758 749 1784; x_wconf 87' lang='lat' dir='ltr'>causa</span> <span class='ocrx_word' id='word_1_130' title='bbox 792 1745 1010 1784; x_wconf 86' lang='lat' dir='ltr'>certaminis</span> <span class='ocrx_word' id='word_1_131' title='bbox 1053 1747 1122 1783; x_wconf 90' lang='lat' dir='ltr'>est.</span> <span class='ocrx_word' id='word_1_132' title='bbox 1189 1745 1282 1791; x_wconf 77' lang='lat' dir='ltr'>Quae</span> <span class='ocrx_word' id='word_1_133' title='bbox 1311 1760 1430 1796; x_wconf 88' lang='lat' dir='ltr'>quum</span> <span class='ocrx_word' id='word_1_134' title='bbox 1458 1747 1514 1786; x_wconf 91' lang='lat' dir='ltr'>ita</span> 
     </span>
     <span class='ocr_line' id='line_1_17' title="bbox 104 1800 1513 1859; baseline 0.001 -11"><span class='ocrx_word' id='word_1_135' title='bbox 104 1812 193 1856; x_wconf 91' lang='lat' dir='ltr'>sint,</span> <span class='ocrx_word' id='word_1_136' title='bbox 236 1812 340 1849; x_wconf 90' lang='lat' dir='ltr'>haud</span> <span class='ocrx_word' id='word_1_137' title='bbox 383 1812 551 1849; x_wconf 91' lang='lat' dir='ltr'>alienum</span> <span class='ocrx_word' id='word_1_138' title='bbox 593 1811 688 1848; x_wconf 89' lang='lat' dir='ltr'>mihi</span> <span class='ocrx_word' id='word_1_139' title='bbox 729 1800 882 1848; x_wconf 89' lang='lat' dir='ltr'>videtur</span> <span class='ocrx_word' id='word_1_140' title='bbox 923 1824 992 1859; x_wconf 91' lang='lat' dir='ltr'>per</span> <span class='ocrx_word' id='word_1_141' title='bbox 1034 1812 1156 1847; x_wconf 89' lang='lat' dir='ltr'>totum</span> <span class='ocrx_word' id='word_1_142' title='bbox 1185 1811 1343 1848; x_wconf 90' lang='lat' dir='ltr'>odarum</span> <span class='ocrx_word' id='word_1_143' title='bbox 1370 1811 1513 1849; x_wconf 90' lang='lat' dir='ltr'>librum</span> 
     </span>
     <span class='ocr_line' id='line_1_18' title="bbox 103 1873 1507 1926; baseline 0.001 -15"><span class='ocrx_word' id='word_1_144' title='bbox 103 1874 440 1926; x_wconf 79' lang='lat' dir='ltr'>interpolationum</span> <span class='ocrx_word' id='word_1_145' title='bbox 474 1874 767 1925; x_wconf 84' lang='lat' dir='ltr'>investigatores</span> <span class='ocrx_word' id='word_1_146' title='bbox 795 1874 1072 1923; x_wconf 86' lang='lat' dir='ltr'>pedetemptim</span> <span class='ocrx_word' id='word_1_147' title='bbox 1091 1873 1199 1924; x_wconf 88' lang='lat' dir='ltr'>sequi</span> <span class='ocrx_word' id='word_1_148' title='bbox 1220 1876 1258 1911; x_wconf 92' lang='lat' dir='ltr'>et</span> <span class='ocrx_word' id='word_1_149' title='bbox 1278 1874 1507 1922; x_wconf 78' lang='lat' dir='ltr'>examinare,</span> 
     </span>
     <span class='ocr_line' id='line_1_19' title="bbox 63 1935 1514 1988; baseline 0.001 -11"><span class='ocrx_word' id='word_1_150' title='bbox 63 1935 67 1939; x_wconf 29' lang='lat' dir='ltr'><em>f</em></span> <span class='ocrx_word' id='word_1_151' title='bbox 102 1939 336 1988; x_wconf 85' lang='lat' dir='ltr'>quibusnam</span> <span class='ocrx_word' id='word_1_152' title='bbox 376 1939 590 1977; x_wconf 87' lang='lat' dir='ltr'>rationibus</span> <span class='ocrx_word' id='word_1_153' title='bbox 633 1939 826 1977; x_wconf 88' lang='lat' dir='ltr'>atheteses</span> <span class='ocrx_word' id='word_1_154' title='bbox 860 1952 948 1976; x_wconf 88' lang='lat' dir='ltr'>suas</span> <span class='ocrx_word' id='word_1_155' title='bbox 983 1939 1303 1977; x_wconf 85' lang='lat' dir='ltr'>confirmaverint.</span> <span class='ocrx_word' id='word_1_156' title='bbox 1361 1939 1445 1984; x_wconf 81' lang='lat' dir='ltr'>Qua</span> <span class='ocrx_word' id='word_1_157' title='bbox 1473 1940 1514 1978; x_wconf 89' lang='lat' dir='ltr'>in</span> 
     </span>
     <span class='ocr_line' id='line_1_20' title="bbox 102 2003 1514 2056; baseline 0.001 -15"><span class='ocrx_word' id='word_1_158' title='bbox 102 2016 143 2040; x_wconf 87' lang='lat' dir='ltr'>re</span> <span class='ocrx_word' id='word_1_159' title='bbox 173 2004 353 2053; x_wconf 89' lang='lat' dir='ltr'>quoniam</span> <span class='ocrx_word' id='word_1_160' title='bbox 380 2003 574 2048; x_wconf 79' lang='lat' dir='ltr'>intestina,</span> <span class='ocrx_word' id='word_1_161' title='bbox 618 2016 703 2053; x_wconf 87' lang='lat' dir='ltr'>quae</span> <span class='ocrx_word' id='word_1_162' title='bbox 731 2005 880 2049; x_wconf 85' lang='lat' dir='ltr'>vocant,</span> <span class='ocrx_word' id='word_1_163' title='bbox 924 2005 1150 2053; x_wconf 85' lang='lat' dir='ltr'>argumenta</span> <span class='ocrx_word' id='word_1_164' title='bbox 1178 2003 1258 2040; x_wconf 87' lang='lat' dir='ltr'>fere</span> <span class='ocrx_word' id='word_1_165' title='bbox 1288 2003 1367 2056; x_wconf 82' lang='lat' dir='ltr'>sola</span> <span class='ocrx_word' id='word_1_166' title='bbox 1396 2004 1514 2042; x_wconf 89' lang='lat' dir='ltr'>allata</span> 
     </span>
     <span class='ocr_line' id='line_1_21' title="bbox 101 2067 1513 2117; baseline 0.001 -13"><span class='ocrx_word' id='word_1_167' title='bbox 101 2067 338 2106; x_wconf 85' lang='lat' dir='ltr'>inveniemus</span> <span class='ocrx_word' id='word_1_168' title='bbox 375 2068 422 2105; x_wconf 89' lang='lat' dir='ltr'>ad</span> <span class='ocrx_word' id='word_1_169' title='bbox 452 2068 787 2106; x_wconf 88' lang='lat' dir='ltr'>demonstrandum</span> <span class='ocrx_word' id='word_1_170' title='bbox 815 2067 1126 2117; x_wconf 88' lang='lat' dir='ltr'>interpolationes</span> <span class='ocrx_word' id='word_1_171' title='bbox 1155 2081 1244 2105; x_wconf 89' lang='lat' dir='ltr'>vere</span> <span class='ocrx_word' id='word_1_172' title='bbox 1273 2068 1419 2114; x_wconf 77' lang='lat' dir='ltr'>adesse,</span> <span class='ocrx_word' id='word_1_173' title='bbox 1449 2069 1513 2107; x_wconf 88' lang='lat' dir='ltr'>hic</span> 
     </span>
     <span class='ocr_line' id='line_1_22' title="bbox 101 2130 1513 2182; baseline 0.001 -13"><span class='ocrx_word' id='word_1_174' title='bbox 101 2130 311 2178; x_wconf 84' lang='lat' dir='ltr'>videamus,</span> <span class='ocrx_word' id='word_1_175' title='bbox 353 2145 445 2169; x_wconf 89' lang='lat' dir='ltr'>num</span> <span class='ocrx_word' id='word_1_176' title='bbox 493 2145 568 2182; x_wconf 87' lang='lat' dir='ltr'>qua</span> <span class='ocrx_word' id='word_1_177' title='bbox 601 2132 657 2178; x_wconf 24' lang='lat' dir='ltr'>*in</span> <span class='ocrx_word' id='word_1_178' title='bbox 699 2131 873 2169; x_wconf 86' lang='lat' dir='ltr'>extrariis</span> <span class='ocrx_word' id='word_1_179' title='bbox 915 2131 1028 2168; x_wconf 87' lang='lat' dir='ltr'>rebus</span> <span class='ocrx_word' id='word_1_180' title='bbox 1069 2131 1194 2180; x_wconf 89' lang='lat' dir='ltr'>posita</span> <span class='ocrx_word' id='word_1_181' title='bbox 1235 2131 1327 2169; x_wconf 86' lang='lat' dir='ltr'>foris</span> <span class='ocrx_word' id='word_1_182' title='bbox 1370 2133 1513 2170; x_wconf 89' lang='lat' dir='ltr'>assumi</span> 
     </span>
     <span class='ocr_line' id='line_1_23' title="bbox 101 2195 259 2244; baseline 0 -11"><span class='ocrx_word' id='word_1_183' title='bbox 101 2195 259 2244; x_wconf 85' lang='lat' dir='ltr'>possint.</span> 
     </span>
    </p>

    <p class='ocr_par' dir='ltr' id='par_1_4' title="bbox 106 2260 1513 2374">
     <span class='ocr_line' id='line_1_24' title="bbox 230 2260 1512 2310; baseline 0.001 -13"><span class='ocrx_word' id='word_1_184' title='bbox 230 2260 364 2297; x_wconf 88' lang='lat' dir='ltr'>Keller</span> <span class='ocrx_word' id='word_1_185' title='bbox 404 2260 470 2297; x_wconf 86' lang='lat' dir='ltr'>ille</span> <span class='ocrx_word' id='word_1_186' title='bbox 513 2261 669 2309; x_wconf 88' lang='lat' dir='ltr'>quidem</span> <span class='ocrx_word' id='word_1_187' title='bbox 712 2260 896 2297; x_wconf 90' lang='lat' dir='ltr'>eiusmodi</span> <span class='ocrx_word' id='word_1_188' title='bbox 935 2263 1162 2309; x_wconf 87' lang='lat' dir='ltr'>argumenta</span> <span class='ocrx_word' id='word_1_189' title='bbox 1190 2274 1400 2310; x_wconf 90' lang='lat' dir='ltr'>numquam</span> <span class='ocrx_word' id='word_1_190' title='bbox 1429 2275 1512 2299; x_wconf 87' lang='lat' dir='ltr'>esse</span> 
     </span>
     <span class='ocr_line' id='line_1_25' title="bbox 106 2323 1513 2374; baseline 0.002 -12"><span class='ocrx_word' id='word_1_191' title='bbox 106 2325 285 2374; x_wconf 87' lang='lat' dir='ltr'>prompta</span> <span class='ocrx_word' id='word_1_192' title='bbox 315 2324 409 2362; x_wconf 84' lang='lat' dir='ltr'>dixit</span> <span class='ocrx_word' id='word_1_193' title='bbox 427 2324 472 2374; x_wconf 82' lang='lat'>³).</span> <span class='ocrx_word' id='word_1_194' title='bbox 530 2323 639 2363; x_wconf 86' lang='lat' dir='ltr'>Talia</span> <span class='ocrx_word' id='word_1_195' title='bbox 667 2338 755 2363; x_wconf 87' lang='lat' dir='ltr'>vero</span> <span class='ocrx_word' id='word_1_196' title='bbox 784 2324 865 2363; x_wconf 88' lang='lat' dir='ltr'>sine</span> <span class='ocrx_word' id='word_1_197' title='bbox 894 2324 1006 2363; x_wconf 85' lang='lat' dir='ltr'>dubio</span> <span class='ocrx_word' id='word_1_198' title='bbox 1026 2323 1203 2363; x_wconf 86' lang='lat' dir='ltr'>habenda</span> <span class='ocrx_word' id='word_1_199' title='bbox 1223 2327 1311 2363; x_wconf 90' lang='lat' dir='ltr'>sunt</span> <span class='ocrx_word' id='word_1_200' title='bbox 1331 2328 1370 2364; x_wconf 87' lang='lat' dir='ltr'>et</span> <span class='ocrx_word' id='word_1_201' title='bbox 1394 2327 1513 2365; x_wconf 90' lang='lat' dir='ltr'>verba</span> 
     </span>
    </p>
   </div>
   <div class='ocr_carea' id='block_1_3' title="bbox 189 2427 1218 2575">
    <p class='ocr_par' dir='ltr' id='par_1_5' title="bbox 189 2427 1218 2575">
     <span class='ocr_line' id='line_1_26' title="bbox 192 2427 1028 2479; baseline 0.002 -19"><span class='ocrx_word' id='word_1_202' title='bbox 192 2427 212 2465; x_wconf 84' lang='lat'>¹)</span> <span class='ocrx_word' id='word_1_203' title='bbox 237 2434 272 2460; x_wconf 91' lang='lat' dir='ltr'>In</span> <span class='ocrx_word' id='word_1_204' title='bbox 295 2442 363 2462; x_wconf 81' lang='lat' dir='ltr'>ann.</span> <span class='ocrx_word' id='word_1_205' title='bbox 388 2436 454 2463; x_wconf 84' lang='lat' dir='ltr'>crit.</span> <span class='ocrx_word' id='word_1_206' title='bbox 479 2435 519 2462; x_wconf 79' lang='lat' dir='ltr'>ad</span> <span class='ocrx_word' id='word_1_207' title='bbox 542 2436 582 2463; x_wconf 88' lang='lat' dir='ltr'>IV</span> <span class='ocrx_word' id='word_1_208' title='bbox 605 2436 714 2463; x_wconf 78' lang='lat' dir='ltr'>Horati</span> <span class='ocrx_word' id='word_1_209' title='bbox 737 2444 828 2463; x_wconf 81' lang='lat' dir='ltr'>carm.</span> <span class='ocrx_word' id='word_1_210' title='bbox 852 2436 920 2479; x_wconf 57' lang='lat' dir='ltr'>liljr.</span> <span class='ocrx_word' id='word_1_211' title='bbox 944 2436 1028 2470; x_wconf 86' lang='lat' dir='ltr'>praef.</span> 
     </span>
     <span class='ocr_line' id='line_1_27' title="bbox 190 2480 1218 2525; baseline 0.002 -9"><span class='ocrx_word' id='word_1_212' title='bbox 190 2480 213 2519; x_wconf 76' lang='lat'>²)</span> <span class='ocrx_word' id='word_1_213' title='bbox 237 2488 273 2515; x_wconf 91' lang='lat' dir='ltr'>In</span> <span class='ocrx_word' id='word_1_214' title='bbox 298 2489 652 2525; x_wconf 78' lang='lat' dir='ltr'>„Correspondenzblatt</span> <span class='ocrx_word' id='word_1_215' title='bbox 675 2490 725 2517; x_wconf 70' lang='lat' dir='ltr'>fiir</span> <span class='ocrx_word' id='word_1_216' title='bbox 748 2490 796 2517; x_wconf 89' lang='lat' dir='ltr'>die</span> <span class='ocrx_word' id='word_1_217' title='bbox 819 2490 876 2524; x_wconf 81' lang='lat' dir='ltr'>gel.</span> <span class='ocrx_word' id='word_1_218' title='bbox 900 2490 963 2517; x_wconf 90' lang='lat' dir='ltr'>und</span> <span class='ocrx_word' id='word_1_219' title='bbox 985 2488 1218 2519; x_wconf 82' lang='lat' dir='ltr'>Realschulen“.</span> 
     </span>
     <span class='ocr_line' id='line_1_28' title="bbox 189 2534 571 2575; baseline 0.008 -8"><span class='ocrx_word' id='word_1_220' title='bbox 189 2534 211 2571; x_wconf 80' lang='lat'>³)</span> <span class='ocrx_word' id='word_1_221' title='bbox 234 2541 291 2568; x_wconf 82' lang='lat' dir='ltr'>Rh.</span> <span class='ocrx_word' id='word_1_222' title='bbox 315 2543 356 2569; x_wconf 84' lang='lat' dir='ltr'>M.</span> <span class='ocrx_word' id='word_1_223' title='bbox 385 2544 476 2575; x_wconf 83' lang='lat'>1864,</span> <span class='ocrx_word' id='word_1_224' title='bbox 501 2544 571 2570; x_wconf 88' lang='lat'>211.</span> 
     </span>
    </p>
   </div>
   <div class='ocr_carea' id='block_1_4' title="bbox 1669 0 1768 178">
    <p class='ocr_par' dir='ltr' id='par_1_6' title="bbox 1669 0 1768 178">
     <span class='ocr_line' id='line_1_29' title="bbox 1669 0 1768 178; baseline 0 2678"><span class='ocrx_word' id='word_1_225' title='bbox 1669 0 1768 178; x_wconf 95' lang='lat' dir='ltr'> </span> 
     </span>
    </p>
   </div>
  </div>
 </body>
</html>
