1768 2856
868 0 871 7 ¹
900 0 909 7 *⁷
924 0 1049 17 Ἴ
1158 0 1455 26 wmfflw

1170 53 1179 57 ,,
1221 46 1269 60 J..

832 173 1043 211 *34-

228 283 286 319 est
313 282 452 331 putare
482 268 570 318 euni
598 280 758 330 reliquis
788 280 879 317 anni
908 279 1043 318 diebus
1073 280 1247 319 omnibus
1276 283 1362 319 atra
1389 279 1650 319 sollicitudine
1685 291 1687 294 ’
1741 281 1745 289 ’

228 345 417 384 afflictum
444 344 586 383 vivere.

358 409 422 447 Ad
450 408 562 457 abito,
592 422 627 446 v.
656 409 719 454 24,
740 407 802 446 P.:
830 407 1001 458 „quasi“,
1021 408 1160 458 inquit,
1186 408 1313 456 „aliud
1332 409 1460 448 facere
1479 409 1649 460 posset⁴‘.

228 474 340 513 Abito
369 475 499 512 autem
534 475 591 512 est
627 490 655 504 =
684 473 860 511 molestus
886 486 932 511 ne
959 474 1024 520 sis,
1057 475 1101 511 ut
1128 473 1272 520 statim,
1308 488 1436 513 omnes
1465 474 1651 525 cogitant,
1705 470 1720 481 '⁴

229 552 435 589 omnesque
479 538 683 588 explicant,
727 538 795 588 qui
837 538 993 588 quidem
1021 551 1104 576 rem
1131 540 1212 575 tam
1241 541 1417 589 apertam
1445 539 1652 590 explanare

228 606 364 643 curent
386 604 428 653 ¹).

358 668 558 707 Schuetzio
589 681 646 713 ea,
676 681 762 717 quae
791 667 976 705 Lehrsius
1010 667 1051 704 in
1081 669 1268 705 extremas
1297 670 1376 705 tres
1405 671 1472 706 str.
1502 669 1663 706 iocatus

229 735 298 779 est,
327 732 453 783 magis
481 732 607 770 hilara
637 745 753 782 quam
782 732 830 770 ad
858 732 1166 782 persuadendum
1195 734 1286 782 apta
1315 732 1505 772 videntur.
1560 731 1652 783 Ipse

229 798 323 836 dicit
358 798 498 847 puellae
540 799 665 834 virum
706 810 782 834 non
823 788 981 845 expertae
1016 810 1098 834 esse
1126 797 1245 834 verba
1273 797 1480 842 miserima,
1510 797 1652 846 quibus

228 875 339 900 nemo
368 863 513 908 utatur,
542 860 618 898 nisi
647 861 714 911 qui
739 873 892 899 versum
911 859 1069 911 plenum
1088 860 1219 908 faciat,
1238 874 1364 911 neque
1385 860 1498 900 aliter
1516 861 1648 913 possit,

233 930 271 965 et
301 927 500 965 ostendere
527 928 698 972 conatur,
721 927 861 976 puellae
880 926 1108 964 vocabulum
1129 926 1343 976 appositam
1363 929 1402 964 et
1420 927 1653 965 sententiam

230 992 474 1041 supplentem
502 1004 634 1029 vocem
662 1004 737 1028 non
766 990 996 1037 desiderare,
1025 990 1101 1028 nisi
1129 1004 1247 1040 quum
1274 989 1423 1041 puellas
1452 990 1493 1028 in
1512 990 1649 1028 matri-
1678 1014 1683 1019 «

229 1056 400 1095 monium
441 1056 520 1094 iam
563 1055 766 1094 collocatas
809 1055 1014 1106 significet.
1072 1055 1264 1105 Equidem
1292 1054 1406 1093 hunc>
1423 1055 1548 1104 locum
1577 1055 1654 1093 alio

229 1121 339 1158 modo
383 1120 527 1169 explico
570 1119 634 1167 (de
677 1133 751 1168 quo
785 1119 871 1157 vide
905 1119 1037 1168 infra),
1066 1122 1196 1157 tamen
1224 1119 1352 1157 facere
1380 1132 1456 1157 non
1483 1132 1651 1169 possum,
1680 1131 1688 1142 ²

232 1184 325 1234 quin
368 1184 684 1229 animadvertam,
727 1184 846 1221 verba
887 1183 955 1221 ill'a
981 1183 1122 1233 puellae
1150 1196 1225 1221 non
1255 1184 1378 1221 virum
1406 1188 1564 1233 expertae
1592 1182 1654 1232 (ut

229 1248 357 1286 Bentl.
399 1249 513 1299 legit)
555 1262 631 1286 non
674 1262 755 1286 esse
798 1251 910 1298 poeta
943 1249 1070 1287 minus
1099 1249 1217 1299 digna
1246 1263 1361 1299 quam
1390 1250 1491 1299 quod
1519 1249 1649 1287 Bentl.

230 1314 356 1351 affert.
387 1327 442 1351 ex.
472 1312 561 1363 Epl.
591 1312 716 1358 H:-1‚
747 1313 818 1350 32:

477 1425 579 1452 Castis
603 1433 673 1452 cum
696 1425 803 1460 pueris
826 1426 857 1451 et
880 1425 985 1459 ignara
1008 1425 1112 1460 puella
1135 1425 1238 1451 mariti

476 1478 617 1505 Disceret
639 1478 721 1509 unde
744 1486 861 1513 preces,
885 1480 987 1506 vatem
1010 1479 1070 1506 nisi
1092 1487 1181 1505 musa
1204 1479 1361 1506 dedisset?

228 1571 365 1609 Puella
393 1572 519 1610 virum
547 1585 622 1610 non
652 1574 818 1621 expertae
849 1589 878 1603 =
907 1571 1037 1621 puella
1065 1571 1203 1622 ignara
1230 1571 1373 1610 mariti.

358 1636 407 1675 V.
439 1637 501 1675 11.
558 1636 644 1674 Iam
671 1638 797 1674 virum
825 1640 983 1686 expertae
1011 1636 1109 1674 male
1137 1637 1324 1674 ominatis.
1381 1635 1427 1674 In
1445 1636 1517 1674 hoc
1537 1650 1650 1675 versu

231 1701 335 1739 mala
363 1701 464 1739 inest
492 1701 748 1751 interpretum
779 1714 881 1739 crux.
925 1700 1088 1739 Crucem
1117 1701 1234 1739 etiam
1261 1700 1306 1739 L.
1336 1700 1501 1739 Mueller
1530 1714 1650 1751 appo—

229 1766 318 1804 suit.
394 1765 568 1804 Primum
615 1765 855 1815 inspicienda
903 1768 960 1803 est
1007 1764 1121 1803 lectio
1164 1765 1260 1802 male
1301 1766 1490 1813 omittatis,
1535 1778 1652 1814 quam

230 1829 364 1866 Keller
406 1842 557 1878 quoque
586 1829 746 1878 recepit,
777 1842 1010 1878 quamquam
1039 1828 1080 1865 in
1109 1828 1215 1866 codd.
1272 1827 1359 1866 I:mi
1387 1829 1651 1867 tantummodo

230 1893 374 1932 ordinis
404 1896 442 1932 et
469 1893 509 1931 in
538 1893 692 1932 scholiis
720 1892 997 1943 Porphyrionis
1027 1894 1065 1931 et
1093 1891 1390 1931 Pseudoacronis
1418 1893 1529 1931 inest.
1577 1892 1650 1931 Vi-

230 1958 363 1995 demus
392 1957 456 1995 hic
486 1971 636 2007 quoque
665 1957 867 1995 Kellerum
886 1957 1075 1995 rationem
1094 1970 1203 1995 suam
1223 1957 1515 1996 commodiorem
1534 1971 1651 2007 quam

230 2022 433 2060 rectiorem
462 2022 687 2067 deseruisse,
719 2035 795 2071 qua
824 2021 1030 2058 Horatium
1059 2021 1363 2071 corruptelarum
1391 2021 1566 2059 sordibus
1594 2021 1652 2059 ita

229 2098 400 2136 purgare
429 2086 569 2131 studet,
598 2087 642 2123 ut
671 2099 734 2123 eas
759 2085 942 2124 lectiones
963 2085 1098 2135 probet
1119 2087 1157 2124 et
1176 2085 1354 2136 accipiat,
1375 2099 1468 2135 quos
1488 2086 1650 2124 duarum

231 2150 411 2188 classium
440 2149 495 2198 (h.
533 2164 565 2187 e.
596 2150 742 2199 plures)
772 2150 880 2187 codd.
910 2150 1111 2187 sustinent.
1168 2149 1244 2187 Hic
1272 2150 1506 2187 membranae
1534 2149 1650 2199 longe

230 2213 407 2263 plurimae
435 2213 582 2251 habent
610 2214 707 2251 male
726 2214 942 2262 nominatis,
963 2227 1039 2263 qua
1058 2213 1221 2252 lectione
1239 2213 1369 2251 hiatus
1388 2213 1650 2252 intolerandus

231 2278 389 2327 insuper
418 2278 583 2315 evitatus
614 2280 683 2315 est.
741 2277 1043 2315 collaudandum
1072 2280 1130 2315 est
1149 2277 1334 2315 iudicium
1353 2277 1514 2323 Kelleri,
1548 2278 1649 2328 quod

231 2343 451 2391 contempta
492 2341 605 2380 vitati
634 2341 763 2379 hiatus
793 2355 880 2380 esca
907 2355 982 2379 non
1010 2343 1230 2380 constanter
1256 2341 1446 2380 rationem
1474 2341 1649 2380 criticam

231 2408 384 2444 secutus
413 2408 483 2451 est,
513 2419 598 2455 quae
626 2406 886 2444 multitudinis
915 2406 1126 2444 dominatui
1155 2406 1281 2444 omnia
1308 2406 1499 2457 proderet.

366 2543 386 2581 ¹)
410 2549 487 2577 Vide
510 2549 591 2582 Cru.‚
616 2549 731 2576 Stamb.
755 2550 863 2581 nostr„
886 2549 1050 2582 Ritterum,
1074 2548 1161 2576 alios.
