1768 2856
805 152 987 205 46-

183 275 254 312 hoc
288 275 493 315 invenisse.
530 274 749 312 Bentleium
785 277 915 312 autem
944 277 983 311 et
1010 274 1243 312 Lambinum
1272 288 1391 313 caecos
1419 275 1538 313 fuisse
1560 275 1603 324 ¹).

186 338 262 374 Sed
290 338 383 375 licet
410 338 516 375 mille
545 338 718 375 homines
748 340 837 375 ante
863 337 1063 375 Kcllerum
1081 337 1154 376 hoc
1172 350 1247 376 non
1267 338 1447 386 viderint,
1475 340 1605 377 tamen

184 416 294 441 nemo
335 402 448 451 hodie
492 403 723 441 infitiabitur
764 402 970 441 Horatium
1004 403 1122 441 etiam
1155 403 1196 440 in
1224 403 1459 442 carminibus
1487 404 1606 443 fuisse

185 468 356 505 facetum
384 468 592 517 leporeque
620 467 881 505 abundantem
900 470 1065 518 poetam,
1094 467 1242 517 hasque
1261 467 1423 506 facetias
1442 468 1606 507 maxime

184 532 225 570 in
268 532 420 571 eroticis
464 534 503 571 et
544 532 795 584 symposiacis
838 532 876 571 h.
921 546 953 571 e.
996 532 1232 571 suavissimis
1267 535 1306 572 et
1342 533 1497 583 optimis
1526 534 1607 573 eius

186 597 421 635 carminibus
463 598 600 635 inesse.
666 597 768 642 Quas
812 598 844 634 si
885 611 957 634 non
1002 597 1285 647 intellegemus,
1328 597 1443 635 facile
1485 590 1608 635 multa

185 660 287 699 mala
317 663 355 699 et
382 675 565 712 perversa
592 661 831 700 inveniemus
860 660 1159 713 („gedrechselt‚
1193 661 1497 708 verschnfirkelt‚
1536 662 1606 700 ba-

186 727 290 771 rock,
321 726 544 772 fiberladen,
575 727 858 772 fibertrieben,“
894 727 999 774 cet.).

316 789 494 840 Denique
522 790 635 828 multi
665 804 806 837 eorum,
834 790 900 840 qui
919 789 1018 828 nihil
1037 789 1312 840 interpolatum
1332 803 1414 828 esse
1435 789 1606 837 credunt,

186 854 457 904 hypercriticis
500 855 649 893 duabus
690 855 854 893 maxime
897 856 1011 893 rebus
1052 854 1226 892 nolentes
1268 868 1380 904 opem
1420 854 1605 893 tulerunt.
1647 854 1652 864 ¹

189 918 326 956 Altera
356 921 414 956 est
442 931 586 969 magna
616 932 746 957 eorum
774 919 928 957 fiducia.
985 918 1042 956 Eo
1064 918 1166 956 enim
1185 931 1288 969 saepe
1310 918 1472 957 artificio
1492 920 1607 956 utun-

186 985 263 1029 tur,
293 985 336 1021 ut
363 983 626 1022 haesitationes
656 976 941 1022 dissimulantes
969 986 1052 1021 tum
1080 983 1244 1021 maxime
1273 983 1347 1021 sibi
1375 983 1608 1022 confidentes

189 1047 405 1093 videantur,
449 1061 567 1097 quum
610 1062 651 1085 re
680 1061 772 1086 vera
799 1048 957 1085 minime
986 1050 1087 1093 sunt,
1125 1061 1199 1096 quo
1227 1047 1411 1085 maiorem
1441 1047 1609 1097 opinioni

188 1124 268 1149 suae
304 1111 420 1149 fidem
450 1111 665 1150 concilient.
722 1111 847 1150 Homo
875 1112 1080 1158 modestus,
1111 1111 1177 1161 qui
1205 1111 1315 1162 legit,
1345 1111 1438 1149 viris
1468 1111 1608 1150 doctis-

192 1176 300 1214 simis
330 1177 526 1215 adversari
554 1191 629 1215 non
665 1190 778 1214 ausus
804 1190 913 1214 suam
941 1177 1062 1226 ipsius
1090 1176 1315 1214 tarditatem
1344 1190 1498 1214 causam
1528 1189 1609 1214 esse

190 1241 415 1287 arbitratur,
451 1255 519 1279 cur
553 1255 669 1290 quam
705 1241 842 1278 eximia
871 1241 998 1278 omnia
1026 1241 1103 1278 sint
1131 1254 1206 1278 non
1234 1240 1447 1291 intellegat.
1505 1240 1609 1278 Talis

190 1305 332 1343 fiducia
360 1308 502 1354 quanto
534 1319 646 1354 opere
675 1305 835 1343 Horatio
865 1305 1050 1350 nocuerit,
1081 1305 1157 1343 dici
1185 1305 1246 1342 vix
1280 1307 1417 1354 potest,
1446 1318 1536 1342 nam
1566 1318 1610 1342 ea

190 1369 276 1418 ipsa
318 1369 481 1406 maxime
523 1369 827 1418 hypercriticam
854 1369 961 1406 illam
989 1369 1177 1406 rationem
1207 1368 1415 1406 concitasse
1444 1368 1609 1414 videtur,

193 1446 280 1481 quae
310 1432 375 1470 diu
404 1436 581 1482 grassata
610 1435 668 1471 est
687 1433 731 1482 2).
795 1432 895 1479 „Ubi
924 1434 1030 1483 ego‚“
1055 1432 1181 1482 inquit
1199 1431 1346 1470 Peerlc.
1366 1432 1412 1481 3),
1442 1433 1554 1470 “saxa
1574 1435 1612 1471 et

194 1496 379 1542 salebras,
409 1497 451 1534 hi
470 1497 628 1546 planum
658 1497 733 1535 iter
762 1500 800 1534 et
829 1510 1042 1542 amoenum,
1077 1496 1144 1534 ubi
1174 1509 1244 1546 ego
1273 1509 1399 1534 meras
1418 1497 1609 1539 tenebras,

189 1560 231 1597 hi
266 1561 383 1598 solem
417 1561 695 1598 meridian1un“
737 1563 809 1599 cet.
873 1561 1022 1598 Deinde
1052 1561 1169 1598 etiam
1197 1560 1310 1597 multi
1338 1560 1609 1609 hypercriticis

190 1624 361 1680 animum
391 1625 622 1663 addiderunt
650 1625 725 1674 ipsi
754 1625 794 1662 in
824 1624 1051 1663 coniecturis
1086 1624 1273 1662 faciendis
1303 1626 1519 1662 contextum
1545 1637 1610 1661 no-

190 1688 249 1725 bis
291 1689 479 1725 traditum
521 1703 595 1726 non
638 1703 713 1738 qua
755 1703 827 1738 par
862 1691 946 1726 erat
979 1689 1126 1738 pietate
1155 1690 1379 1726 tractantes.
1435 1687 1524 1725 Non
1554 1690 1611 1725 est

190 1752 362 1796 dubium,
393 1753 486 1801 quin
516 1752 644 1790 Bentl.
673 1753 805 1790 multis
834 1752 926 1790 locis
956 1752 1184 1790 coniecturis
1208 1751 1451 1788 membranas
1479 1764 1609 1788 emen-

194 1815 356 1861 daverit,
387 1816 549 1865 aliisque
577 1816 682 1854 locus
712 1816 897 1854 Horatius
925 1816 1062 1854 melius
1091 1816 1264 1853 facturus
1290 1814 1420 1861 fuerit,
1450 1815 1482 1853 si
1501 1815 1610 1854 modo

192 1894 214 1916 a
244 1879 419 1917 Bentleio
448 1881 642 1930 proposito
672 1881 901 1930 scripsisset,
937 1881 1004 1917 sed
1033 1880 1150 1918 etiam
1178 1879 1310 1917 multis
1338 1879 1431 1917 10018
1461 1880 1610 1917 0011100-

191 1946 299 1981 turas
341 1944 446 1990 fecit,
489 1947 532 1981 ut
566 1957 748 1994 magnam
783 1945 965 1982 doctrinae
1000 1944 1161 1994 copiam,
1198 1943 1435 1994 singularem
1462 1944 1611 1994 ingenii

191 2008 483 2054 fecunditatem,
505 2009 770 2059 sagacitatem,
792 2008 991 2047 divinandi
1009 2009 1188 2059 peritiam
1205 2008 1433 2046 ostenderet.
1463 2007 1610 2047 Peerlc.

191 2073 422 2110 coniecturis
466 2087 622 2122 operam
650 2074 774 2110 minus
804 2074 921 2118 dedit,
952 2074 1075 2122 deque
1105 2073 1172 2118 eis,
1202 2069 1298 2122 quas
1326 2072 1432 2118 fecit,
1463 2072 1610 2121 aliquot

193 2136 348 2185 optimae
391 2140 480 2174 sunt
522 2137 776 2186 plurimisque
820 2137 1030 2175 editoribus
1073 2137 1257 2186 probatae.
1330 2135 1525 2174 Praeterea
1562 2158 1611 2163 —

192 2203 285 2249 quot
328 2203 366 2238 et
408 2214 703 2251 supervacaneae
747 2203 785 2238 et
819 2201 974 2238 inutiles
1008 2201 1122 2238 factae
1151 2202 1257 2237 sunt!
1314 2199 1369 2237 Ut
1398 2200 1613 2249 exemplum

192 2277 353 2310 sumam,
388 2264 536 2315 Unger,
573 2265 633 2303 vir
661 2265 903 2303 doctissimus
932 2265 1111 2314 idemque
1140 2264 1411 2314 hypercriticis
1439 2263 1611 2302 infestis-

288 2422 307 2460 ¹)
331 2428 419 2456 Aeac.
445 2429 494 2457 43.

285 2475 306 2513 ⁹)
330 2482 390 2509 Cfr.
415 2490 481 2517 quae
506 2483 643 2510 dicemus
666 2483 705 2510 ad
728 2484 785 2510 III:
805 2484 855 2515 20,
875 2486 902 2510 8.

285 2528 307 2566 ⁸)
332 2535 420 2563 Praef.
444 2544 514 2571 pag.
538 2536 574 2563 V.
