<?xml version="1.0" encoding="UTF-8"?>
<!DOCTYPE html PUBLIC "-//W3C//DTD XHTML 1.0 Transitional//EN"
    "http://www.w3.org/TR/xhtml1/DTD/xhtml1-transitional.dtd">
<html xmlns="http://www.w3.org/1999/xhtml" xml:lang="en" lang="en">
 <head>
  <title>
</title>
<meta http-equiv="Content-Type" content="text/html;charset=utf-8" />
  <meta name='ocr-system' content='tesseract 3.04.00' />
  <meta name='ocr-capabilities' content='ocr_page ocr_carea ocr_par ocr_line ocrx_word'/>
</head>
<body>
  <div class='ocr_page' id='page_1' title='image "4737356_0051.png"; bbox 0 0 1768 2856; ppageno 0'>
   <div class='ocr_carea' id='block_1_1' title="bbox 0 0 175 2856">
    <p class='ocr_par' dir='ltr' id='par_1_1' title="bbox 0 0 175 2856">
     <span class='ocr_line' id='line_1_1' title="bbox 0 0 175 2856; baseline 0 0"><span class='ocrx_word' id='word_1_1' title='bbox 0 0 175 2856; x_wconf 95' lang='lat' dir='ltr'> </span> 
     </span>
    </p>
   </div>
   <div class='ocr_carea' id='block_1_2' title="bbox 857 183 1068 221">
    <p class='ocr_par' dir='ltr' id='par_1_2' title="bbox 857 183 1068 221">
     <span class='ocr_line' id='line_1_2' title="bbox 857 183 1068 221; baseline 0 -11"><span class='ocrx_word' id='word_1_2' title='bbox 857 183 1068 221; x_wconf 50' lang='grc' dir='ltr'>--43-α</span> 
     </span>
    </p>
   </div>
   <div class='ocr_carea' id='block_1_3' title="bbox 185 288 1668 1364">
    <p class='ocr_par' dir='ltr' id='par_1_3' title="bbox 185 288 1668 1364">
     <span class='ocr_line' id='line_1_3' title="bbox 378 288 1665 340; baseline -0.003 -9"><span class='ocrx_word' id='word_1_3' title='bbox 378 290 574 331; x_wconf 79' lang='lat' dir='ltr'>Praeterea</span> <span class='ocrx_word' id='word_1_4' title='bbox 609 289 675 330; x_wconf 82' lang='lat' dir='ltr'>Gr.</span> <span class='ocrx_word' id='word_1_5' title='bbox 704 303 758 329; x_wconf 79' lang='lat' dir='ltr'>-ea</span> <span class='ocrx_word' id='word_1_6' title='bbox 786 291 927 337; x_wconf 83' lang='lat' dir='ltr'>servat,</span> <span class='ocrx_word' id='word_1_7' title='bbox 965 300 1053 340; x_wconf 88' lang='lat' dir='ltr'>quae</span> <span class='ocrx_word' id='word_1_8' title='bbox 1083 288 1169 328; x_wconf 89' lang='lat' dir='ltr'>aliis</span> <span class='ocrx_word' id='word_1_9' title='bbox 1198 288 1342 328; x_wconf 89' lang='lat' dir='ltr'>criticis</span> <span class='ocrx_word' id='word_1_10' title='bbox 1369 289 1532 327; x_wconf 85' lang='lat' dir='ltr'><strong>maxime</strong></span> <span class='ocrx_word' id='word_1_11' title='bbox 1561 288 1665 327; x_wconf 90' lang='lat' dir='ltr'>solh&#39;-</span> 
     </span>
     <span class='ocr_line' id='line_1_4' title="bbox 246 354 1665 402; baseline -0.004 -7"><span class='ocrx_word' id='word_1_12' title='bbox 246 357 410 396; x_wconf 77' lang='lat' dir='ltr'>citudim&#39;</span> <span class='ocrx_word' id='word_1_13' title='bbox 450 356 624 399; x_wconf 85' lang='lat' dir='ltr'>fuerunt,</span> <span class='ocrx_word' id='word_1_14' title='bbox 679 357 723 390; x_wconf 91' lang='lat' dir='ltr'>ut</span> <span class='ocrx_word' id='word_1_15' title='bbox 773 357 843 391; x_wconf 82' lang='lat' dir='ltr'>str.-</span> <span class='ocrx_word' id='word_1_16' title='bbox 885 355 909 390; x_wconf 89' lang='grc'>8</span> <span class='ocrx_word' id='word_1_17' title='bbox 952 367 1039 391; x_wconf 89' lang='lat' dir='ltr'>cum</span> <span class='ocrx_word' id='word_1_18' title='bbox 1080 354 1278 402; x_wconf 88' lang='lat' dir='ltr'>implicata</span> <span class='ocrx_word' id='word_1_19' title='bbox 1318 355 1523 390; x_wconf 84' lang='lat' dir='ltr'>verborum</span> <span class='ocrx_word' id='word_1_20' title='bbox 1564 367 1665 390; x_wconf 91' lang='lat' dir='ltr'>com-</span> 
     </span>
     <span class='ocr_line' id='line_1_5' title="bbox 249 416 1668 473; baseline -0.004 -14"><span class='ocrx_word' id='word_1_21' title='bbox 249 419 438 473; x_wconf 77' lang='lat' dir='ltr'><strong>positione</strong></span> <span class='ocrx_word' id='word_1_22' title='bbox 482 420 520 457; x_wconf 92' lang='lat' dir='ltr'>et</span> <span class='ocrx_word' id='word_1_23' title='bbox 561 420 629 457; x_wconf 87' lang='lat' dir='ltr'>str.</span> <span class='ocrx_word' id='word_1_24' title='bbox 668 418 729 465; x_wconf 83' lang='lat'>10,</span> <span class='ocrx_word' id='word_1_25' title='bbox 772 430 858 468; x_wconf 90' lang='lat' dir='ltr'>quae</span> <span class='ocrx_word' id='word_1_26' title='bbox 893 430 956 456; x_wconf 83' lang='lat' dir='ltr'>cos</span> <span class='ocrx_word' id='word_1_27' title='bbox 990 430 1141 468; x_wconf 92' lang='lat' dir='ltr'>quoque</span> <span class='ocrx_word' id='word_1_28' title='bbox 1170 416 1341 463; x_wconf 88' lang='lat' dir='ltr'>offendit,</span> <span class='ocrx_word' id='word_1_29' title='bbox 1371 416 1450 467; x_wconf 86' lang='lat' dir='ltr'>qui,</span> <span class='ocrx_word' id='word_1_30' title='bbox 1480 416 1668 467; x_wconf 89' lang='lat' dir='ltr'>quidquid</span> 
     </span>
     <span class='ocr_line' id='line_1_6' title="bbox 248 481 1666 533; baseline -0.004 -10"><span class='ocrx_word' id='word_1_31' title='bbox 248 486 304 524; x_wconf 89' lang='lat' dir='ltr'>eis</span> <span class='ocrx_word' id='word_1_32' title='bbox 331 497 407 522; x_wconf 91' lang='lat' dir='ltr'>non</span> <span class='ocrx_word' id='word_1_33' title='bbox 434 483 594 533; x_wconf 87' lang='lat' dir='ltr'>placuit,</span> <span class='ocrx_word' id='word_1_34' title='bbox 625 483 829 520; x_wconf 86' lang='lat' dir='ltr'>confectim</span> <span class='ocrx_word' id='word_1_35' title='bbox 858 483 987 520; x_wconf 90' lang='lat' dir='ltr'>delere</span> <span class='ocrx_word' id='word_1_36' title='bbox 1015 482 1150 520; x_wconf 90' lang='lat' dir='ltr'>nolint.</span> <span class='ocrx_word' id='word_1_37' title='bbox 1206 481 1365 519; x_wconf 87' lang='lat' dir='ltr'>Retinet</span> <span class='ocrx_word' id='word_1_38' title='bbox 1394 484 1524 519; x_wconf 86' lang='lat' dir='ltr'>autem</span> <span class='ocrx_word' id='word_1_39' title='bbox 1551 484 1666 530; x_wconf 86' lang='lat' dir='ltr'>quat-</span> 
     </span>
     <span class='ocr_line' id='line_1_7' title="bbox 245 546 1668 597; baseline -0.004 -11"><span class='ocrx_word' id='word_1_40' title='bbox 245 551 333 586; x_wconf 89' lang='lat' dir='ltr'>tuor</span> <span class='ocrx_word' id='word_1_41' title='bbox 375 547 565 597; x_wconf 87' lang='lat' dir='ltr'>strophas,</span> <span class='ocrx_word' id='word_1_42' title='bbox 609 546 749 595; x_wconf 90' lang='lat' dir='ltr'>quibus</span> <span class='ocrx_word' id='word_1_43' title='bbox 791 546 954 583; x_wconf 86' lang='lat' dir='ltr'>servatis</span> <span class='ocrx_word' id='word_1_44' title='bbox 989 546 1083 582; x_wconf 87' lang='lat' dir='ltr'>adeo</span> <span class='ocrx_word' id='word_1_45' title='bbox 1111 548 1284 582; x_wconf 89' lang='lat' dir='ltr'>mutatur</span> <span class='ocrx_word' id='word_1_46' title='bbox 1312 547 1595 594; x_wconf 77' lang='lat' dir='ltr'>argumentum,</span> <span class='ocrx_word' id='word_1_47' title='bbox 1625 546 1668 581; x_wconf 90' lang='lat' dir='ltr'>ut</span> 
     </span>
     <span class='ocr_line' id='line_1_8' title="bbox 247 608 1667 661; baseline -0.003 -10"><span class='ocrx_word' id='word_1_48' title='bbox 247 612 385 652; x_wconf 86' lang='lat' dir='ltr'>intacti</span> <span class='ocrx_word' id='word_1_49' title='bbox 428 610 609 650; x_wconf 85' lang='lat' dir='ltr'>carminis</span> <span class='ocrx_word' id='word_1_50' title='bbox 652 613 880 661; x_wconf 86' lang='lat' dir='ltr'>argumento</span> <span class='ocrx_word' id='word_1_51' title='bbox 921 624 1078 661; x_wconf 86' lang='lat' dir='ltr'>prorsus</span> <span class='ocrx_word' id='word_1_52' title='bbox 1120 610 1171 648; x_wconf 90' lang='lat' dir='ltr'>sit</span> <span class='ocrx_word' id='word_1_53' title='bbox 1219 609 1464 649; x_wconf 90' lang='lat' dir='ltr'>contrarium.</span> <span class='ocrx_word' id='word_1_54' title='bbox 1522 608 1588 648; x_wconf 88' lang='lat' dir='ltr'>Gr.</span> <span class='ocrx_word' id='word_1_55' title='bbox 1620 609 1667 647; x_wconf 90' lang='lat' dir='ltr'>de</span> 
     </span>
     <span class='ocr_line' id='line_1_9' title="bbox 248 674 1665 723; baseline -0.003 -10"><span class='ocrx_word' id='word_1_56' title='bbox 248 677 322 713; x_wconf 85' lang='lat' dir='ltr'>hac</span> <span class='ocrx_word' id='word_1_57' title='bbox 350 688 392 712; x_wconf 90' lang='lat' dir='ltr'>re</span> <span class='ocrx_word' id='word_1_58' title='bbox 427 674 671 721; x_wconf 79' lang='lat' dir='ltr'>„simulans“,</span> <span class='ocrx_word' id='word_1_59' title='bbox 701 674 839 723; x_wconf 75' lang='lat' dir='ltr'>inquit,</span> <span class='ocrx_word' id='word_1_60' title='bbox 874 687 936 720; x_wconf 87' lang='lat' dir='ltr'>„se</span> <span class='ocrx_word' id='word_1_61' title='bbox 966 687 1048 711; x_wconf 88' lang='lat' dir='ltr'>esse</span> <span class='ocrx_word' id='word_1_62' title='bbox 1077 676 1309 718; x_wconf 89' lang='lat' dir='ltr'>contentum,</span> <span class='ocrx_word' id='word_1_63' title='bbox 1346 677 1460 722; x_wconf 89' lang='lat' dir='ltr'>poeta</span> <span class='ocrx_word' id='word_1_64' title='bbox 1489 674 1665 722; x_wconf 84' lang='lat' dir='ltr'>dilegen-</span> 
     </span>
     <span class='ocr_line' id='line_1_10' title="bbox 208 737 1666 789; baseline -0.002 -11"><span class='ocrx_word' id='word_1_65' title='bbox 208 739 210 742; x_wconf 77' lang='grc'><strong>’</strong></span> <span class='ocrx_word' id='word_1_66' title='bbox 246 743 307 778; x_wconf 94' lang='lat' dir='ltr'>ter</span> <span class='ocrx_word' id='word_1_67' title='bbox 347 739 459 777; x_wconf 88' lang='lat' dir='ltr'>lectis</span> <span class='ocrx_word' id='word_1_68' title='bbox 502 741 540 776; x_wconf 94' lang='lat' dir='ltr'>et</span> <span class='ocrx_word' id='word_1_69' title='bbox 583 738 800 787; x_wconf 87' lang='lat' dir='ltr'>compositis</span> <span class='ocrx_word' id='word_1_70' title='bbox 834 738 962 776; x_wconf 86' lang='lat' dir='ltr'>verbis</span> <span class='ocrx_word' id='word_1_71' title='bbox 991 738 1186 789; x_wconf 86' lang='lat' dir='ltr'>significat</span> <span class='ocrx_word' id='word_1_72' title='bbox 1226 738 1395 776; x_wconf 75' lang='lat' dir='ltr'><strong>fautores</strong></span> <span class='ocrx_word' id='word_1_73' title='bbox 1424 737 1498 775; x_wconf 89' lang='lat' dir='ltr'>sibi</span> <span class='ocrx_word' id='word_1_74' title='bbox 1527 751 1666 787; x_wconf 86' lang='lat' dir='ltr'>parum</span> 
     </span>
     <span class='ocr_line' id='line_1_11' title="bbox 244 801 1662 852; baseline -0.003 -10"><span class='ocrx_word' id='word_1_75' title='bbox 244 802 477 842; x_wconf 88' lang='lat' dir='ltr'>consuluisse</span> <span class='ocrx_word' id='word_1_76' title='bbox 520 815 636 852; x_wconf 86' lang='lat' dir='ltr'>seque</span> <span class='ocrx_word' id='word_1_77' title='bbox 679 814 722 839; x_wconf 84' lang='lat' dir='ltr'>ex</span> <span class='ocrx_word' id='word_1_78' title='bbox 763 802 892 852; x_wconf 91' lang='lat' dir='ltr'>inopia</span> <span class='ocrx_word' id='word_1_79' title='bbox 920 802 1181 840; x_wconf 90' lang='lat' dir='ltr'>tantummodo</span> <span class='ocrx_word' id='word_1_80' title='bbox 1218 801 1417 852; x_wconf 84' lang='lat' dir='ltr'>eripuisse,</span> <span class='ocrx_word' id='word_1_81' title='bbox 1460 803 1498 838; x_wconf 89' lang='lat' dir='ltr'>et</span> <span class='ocrx_word' id='word_1_82' title='bbox 1528 803 1662 851; x_wconf 89' lang='lat' dir='ltr'>aperte</span> 
     </span>
     <span class='ocr_line' id='line_1_12' title="bbox 244 865 1657 916; baseline -0.001 -10"><span class='ocrx_word' id='word_1_83' title='bbox 244 868 339 907; x_wconf 89' lang='lat' dir='ltr'>dicit</span> <span class='ocrx_word' id='word_1_84' title='bbox 367 881 429 905; x_wconf 88' lang='lat' dir='ltr'>eos</span> <span class='ocrx_word' id='word_1_85' title='bbox 458 867 532 905; x_wconf 83' lang='lat' dir='ltr'>sibi</span> <span class='ocrx_word' id='word_1_86' title='bbox 560 866 672 916; x_wconf 89' lang='lat' dir='ltr'>plura</span> <span class='ocrx_word' id='word_1_87' title='bbox 700 866 853 904; x_wconf 89' lang='lat' dir='ltr'>daturos</span> <span class='ocrx_word' id='word_1_88' title='bbox 883 880 977 913; x_wconf 91' lang='lat' dir='ltr'>esse,</span> <span class='ocrx_word' id='word_1_89' title='bbox 1006 867 1039 905; x_wconf 91' lang='lat' dir='ltr'>si</span> <span class='ocrx_word' id='word_1_90' title='bbox 1066 866 1221 905; x_wconf 86' lang='lat' dir='ltr'>literula</span> <span class='ocrx_word' id='word_1_91' title='bbox 1249 881 1325 904; x_wconf 84' lang='lat' dir='ltr'>una</span> <span class='ocrx_word' id='word_1_92' title='bbox 1344 865 1514 916; x_wconf 85' lang='lat' dir='ltr'>petierit.</span> <span class='ocrx_word' id='word_1_93' title='bbox 1572 866 1657 905; x_wconf 90' lang='lat' dir='ltr'>Hoc</span> 
     </span>
     <span class='ocr_line' id='line_1_13' title="bbox 242 930 1662 980; baseline -0.001 -11"><span class='ocrx_word' id='word_1_94' title='bbox 242 935 375 969; x_wconf 84' lang='lat' dir='ltr'>tamen</span> <span class='ocrx_word' id='word_1_95' title='bbox 415 931 494 968; x_wconf 91' lang='lat' dir='ltr'>iam</span> <span class='ocrx_word' id='word_1_96' title='bbox 534 931 639 969; x_wconf 89' lang='lat' dir='ltr'>fecit.</span> <span class='ocrx_word' id='word_1_97' title='bbox 701 931 855 968; x_wconf 89' lang='lat' dir='ltr'>Absunt</span> <span class='ocrx_word' id='word_1_98' title='bbox 895 944 1029 980; x_wconf 84' lang='lat' dir='ltr'>preces</span> <span class='ocrx_word' id='word_1_99' title='bbox 1065 933 1103 968; x_wconf 93' lang='lat' dir='ltr'>et</span> <span class='ocrx_word' id='word_1_100' title='bbox 1130 933 1260 968; x_wconf 87' lang='lat' dir='ltr'>tamen</span> <span class='ocrx_word' id='word_1_101' title='bbox 1289 931 1462 968; x_wconf 88' lang='lat' dir='ltr'>adsunt.“</span> <span class='ocrx_word' id='word_1_102' title='bbox 1523 930 1662 980; x_wconf 86' lang='lat' dir='ltr'>Itaque</span> 
     </span>
     <span class='ocr_line' id='line_1_14' title="bbox 185 995 1661 1047; baseline -0.001 -12"><span class='ocrx_word' id='word_1_103' title='bbox 185 999 192 1008; x_wconf 88' lang='lat'>&#39;</span> <span class='ocrx_word' id='word_1_104' title='bbox 244 1010 313 1047; x_wconf 88' lang='lat' dir='ltr'>pro</span> <span class='ocrx_word' id='word_1_105' title='bbox 342 996 576 1035; x_wconf 84' lang='lat' dir='ltr'>continentia</span> <span class='ocrx_word' id='word_1_106' title='bbox 604 998 643 1034; x_wconf 93' lang='lat' dir='ltr'>et</span> <span class='ocrx_word' id='word_1_107' title='bbox 669 995 867 1042; x_wconf 87' lang='lat' dir='ltr'>modestia,</span> <span class='ocrx_word' id='word_1_108' title='bbox 905 1009 990 1045; x_wconf 89' lang='lat' dir='ltr'>quae</span> <span class='ocrx_word' id='word_1_109' title='bbox 1018 995 1059 1034; x_wconf 92' lang='lat' dir='ltr'>in</span> <span class='ocrx_word' id='word_1_110' title='bbox 1086 998 1165 1034; x_wconf 88' lang='lat' dir='ltr'><strong>toto</strong></span> <span class='ocrx_word' id='word_1_111' title='bbox 1194 996 1362 1034; x_wconf 84' lang='lat' dir='ltr'>carmine</span> <span class='ocrx_word' id='word_1_112' title='bbox 1391 995 1535 1042; x_wconf 88' lang='lat' dir='ltr'>insunt,</span> <span class='ocrx_word' id='word_1_113' title='bbox 1565 1009 1661 1045; x_wconf 86' lang='lat' dir='ltr'>quas</span> 
     </span>
     <span class='ocr_line' id='line_1_15' title="bbox 243 1060 1660 1109; baseline -0.001 -11"><span class='ocrx_word' id='word_1_114' title='bbox 243 1060 339 1098; x_wconf 89' lang='lat' dir='ltr'>Hor.</span> <span class='ocrx_word' id='word_1_115' title='bbox 368 1061 409 1097; x_wconf 90' lang='lat' dir='ltr'>in</span> <span class='ocrx_word' id='word_1_116' title='bbox 437 1060 676 1109; x_wconf 87' lang='lat' dir='ltr'>repudianda</span> <span class='ocrx_word' id='word_1_117' title='bbox 704 1060 1014 1109; x_wconf 89' lang='lat' dir='ltr'>splendidissima</span> <span class='ocrx_word' id='word_1_118' title='bbox 1043 1061 1257 1098; x_wconf 89' lang='lat' dir='ltr'>conditione</span> <span class='ocrx_word' id='word_1_119' title='bbox 1278 1060 1456 1105; x_wconf 81' lang='lat' dir='ltr'>ostendit,</span> <span class='ocrx_word' id='word_1_120' title='bbox 1486 1073 1660 1109; x_wconf 87' lang='lat' dir='ltr'>quasque</span> 
     </span>
     <span class='ocr_line' id='line_1_16' title="bbox 243 1123 1658 1175; baseline -0.001 -13"><span class='ocrx_word' id='word_1_121' title='bbox 243 1124 355 1163; x_wconf 86' lang='lat' dir='ltr'>valde</span> <span class='ocrx_word' id='word_1_122' title='bbox 385 1124 631 1170; x_wconf 85' lang='lat' dir='ltr'>admiramur,</span> <span class='ocrx_word' id='word_1_123' title='bbox 662 1123 862 1174; x_wconf 78' lang='lat' dir='ltr'>epistolam</span> <span class='ocrx_word' id='word_1_124' title='bbox 890 1126 1013 1175; x_wconf 88' lang='lat' dir='ltr'>poetae</span> <span class='ocrx_word' id='word_1_125' title='bbox 1043 1124 1090 1162; x_wconf 90' lang='lat' dir='ltr'>ad</span> <span class='ocrx_word' id='word_1_126' title='bbox 1119 1124 1259 1174; x_wconf 89' lang='lat' dir='ltr'>stipem</span> <span class='ocrx_word' id='word_1_127' title='bbox 1277 1137 1435 1162; x_wconf 83' lang='lat' dir='ltr'>manum</span> <span class='ocrx_word' id='word_1_128' title='bbox 1453 1123 1658 1175; x_wconf 88' lang='lat' dir='ltr'>porrigen-</span> 
     </span>
     <span class='ocr_line' id='line_1_17' title="bbox 243 1188 1660 1238; baseline -0.001 -12"><span class='ocrx_word' id='word_1_129' title='bbox 243 1189 294 1226; x_wconf 89' lang='lat' dir='ltr'>tis</span> <span class='ocrx_word' id='word_1_130' title='bbox 323 1188 545 1238; x_wconf 90' lang='lat' dir='ltr'>accipimus.</span> <span class='ocrx_word' id='word_1_131' title='bbox 589 1188 672 1226; x_wconf 92' lang='lat' dir='ltr'>Hoc</span> <span class='ocrx_word' id='word_1_132' title='bbox 702 1188 768 1226; x_wconf 83' lang='lat' dir='ltr'>Gr.</span> <span class='ocrx_word' id='word_1_133' title='bbox 797 1189 1057 1238; x_wconf 85' lang='lat' dir='ltr'>hypercritica</span> <span class='ocrx_word' id='word_1_134' title='bbox 1086 1202 1154 1226; x_wconf 91' lang='lat' dir='ltr'>sua</span> <span class='ocrx_word' id='word_1_135' title='bbox 1183 1191 1265 1226; x_wconf 88' lang='lat' dir='ltr'>arte</span> <span class='ocrx_word' id='word_1_136' title='bbox 1293 1189 1478 1226; x_wconf 87' lang='lat' dir='ltr'>lucratur.</span> <span class='ocrx_word' id='word_1_137' title='bbox 1532 1188 1660 1233; x_wconf 84' lang='lat' dir='ltr'>Quum</span> 
     </span>
     <span class='ocr_line' id='line_1_18' title="bbox 242 1252 1658 1303; baseline -0.001 -12"><span class='ocrx_word' id='word_1_138' title='bbox 242 1252 448 1291; x_wconf 86' lang='lat' dir='ltr'>Horatium</span> <span class='ocrx_word' id='word_1_139' title='bbox 476 1255 629 1303; x_wconf 89' lang='lat' dir='ltr'>poetam</span> <span class='ocrx_word' id='word_1_140' title='bbox 658 1253 844 1303; x_wconf 87' lang='lat' dir='ltr'>optimum</span> <span class='ocrx_word' id='word_1_141' title='bbox 873 1255 911 1291; x_wconf 90' lang='lat' dir='ltr'>et</span> <span class='ocrx_word' id='word_1_142' title='bbox 939 1253 1264 1303; x_wconf 85' lang='lat' dir='ltr'>perfectissimum</span> <span class='ocrx_word' id='word_1_143' title='bbox 1292 1252 1420 1290; x_wconf 85' lang='lat' dir='ltr'>facere</span> <span class='ocrx_word' id='word_1_144' title='bbox 1449 1252 1524 1290; x_wconf 84' lang='lat' dir='ltr'>sibi</span> <span class='ocrx_word' id='word_1_145' title='bbox 1549 1252 1658 1290; x_wconf 85' lang='lat' dir='ltr'>vide-</span> 
     </span>
     <span class='ocr_line' id='line_1_19' title="bbox 241 1314 1166 1364; baseline 0 -10"><span class='ocrx_word' id='word_1_146' title='bbox 241 1319 318 1364; x_wconf 83' lang='lat' dir='ltr'>tur,</span> <span class='ocrx_word' id='word_1_147' title='bbox 347 1317 532 1355; x_wconf 86' lang='lat' dir='ltr'>Horatius</span> <span class='ocrx_word' id='word_1_148' title='bbox 559 1314 669 1355; x_wconf 88' lang='lat' dir='ltr'>homo</span> <span class='ocrx_word' id='word_1_149' title='bbox 698 1317 743 1354; x_wconf 90' lang='lat' dir='ltr'>fit</span> <span class='ocrx_word' id='word_1_150' title='bbox 770 1317 886 1355; x_wconf 89' lang='lat' dir='ltr'>miser</span> <span class='ocrx_word' id='word_1_151' title='bbox 916 1320 954 1355; x_wconf 91' lang='lat' dir='ltr'>et</span> <span class='ocrx_word' id='word_1_152' title='bbox 981 1317 1166 1355; x_wconf 89' lang='lat' dir='ltr'>sordidus.</span> 
     </span>
    </p>
   </div>
   <div class='ocr_carea' id='block_1_4' title="bbox 846 1681 1049 1741">
    <p class='ocr_par' dir='ltr' id='par_1_4' title="bbox 846 1681 1049 1741">
     <span class='ocr_line' id='line_1_20' title="bbox 846 1681 1049 1741; baseline 0 -1"><span class='ocrx_word' id='word_1_153' title='bbox 846 1681 1049 1741; x_wconf 85' lang='lat' dir='ltr'>XVII.</span> 
     </span>
    </p>
   </div>
   <div class='ocr_carea' id='block_1_5' title="bbox 234 1818 1652 2381">
    <p class='ocr_par' dir='ltr' id='par_1_5' title="bbox 234 1818 1652 2381">
     <span class='ocr_line' id='line_1_21' title="bbox 368 1818 1651 1868; baseline 0.001 -13"><span class='ocrx_word' id='word_1_154' title='bbox 368 1818 469 1863; x_wconf 84' lang='lat' dir='ltr'>Quid</span> <span class='ocrx_word' id='word_1_155' title='bbox 503 1818 578 1855; x_wconf 90' lang='lat' dir='ltr'>sibi</span> <span class='ocrx_word' id='word_1_156' title='bbox 611 1818 705 1856; x_wconf 86' lang='lat' dir='ltr'>velit</span> <span class='ocrx_word' id='word_1_157' title='bbox 733 1818 816 1856; x_wconf 80' lang='lat' dir='ltr'>haec</span> <span class='ocrx_word' id='word_1_158' title='bbox 846 1818 914 1856; x_wconf 89' lang='lat' dir='ltr'>ode</span> <span class='ocrx_word' id='word_1_159' title='bbox 944 1818 992 1855; x_wconf 89' lang='lat' dir='ltr'>ad</span> <span class='ocrx_word' id='word_1_160' title='bbox 1021 1818 1287 1868; x_wconf 86' lang='lat' dir='ltr'>explicandum</span> <span class='ocrx_word' id='word_1_161' title='bbox 1314 1818 1446 1856; x_wconf 81' lang='lat' dir='ltr'>multae</span> <span class='ocrx_word' id='word_1_162' title='bbox 1477 1820 1515 1855; x_wconf 91' lang='lat' dir='ltr'>et</span> <span class='ocrx_word' id='word_1_163' title='bbox 1543 1818 1651 1857; x_wconf 86' lang='lat' dir='ltr'>mirae</span> 
     </span>
     <span class='ocr_line' id='line_1_22' title="bbox 237 1882 1652 1932; baseline 0 -12"><span class='ocrx_word' id='word_1_164' title='bbox 237 1882 279 1920; x_wconf 85' lang='lat' dir='ltr'>in</span> <span class='ocrx_word' id='word_1_165' title='bbox 306 1882 432 1921; x_wconf 92' lang='lat' dir='ltr'>lucem</span> <span class='ocrx_word' id='word_1_166' title='bbox 460 1882 620 1932; x_wconf 78' lang='lat' dir='ltr'>prolatae</span> <span class='ocrx_word' id='word_1_167' title='bbox 649 1885 738 1920; x_wconf 90' lang='lat' dir='ltr'>sunt</span> <span class='ocrx_word' id='word_1_168' title='bbox 766 1883 974 1932; x_wconf 85' lang='lat' dir='ltr'>opiniones.</span> <span class='ocrx_word' id='word_1_169' title='bbox 1023 1882 1111 1921; x_wconf 82' lang='lat' dir='ltr'>Gru.</span> <span class='ocrx_word' id='word_1_170' title='bbox 1141 1883 1234 1921; x_wconf 90' lang='lat' dir='ltr'>dicit</span> <span class='ocrx_word' id='word_1_171' title='bbox 1253 1882 1456 1920; x_wconf 84' lang='lat' dir='ltr'>Horatium</span> <span class='ocrx_word' id='word_1_172' title='bbox 1475 1882 1652 1921; x_wconf 88' lang='lat' dir='ltr'>Lamiam</span> 
     </span>
     <span class='ocr_line' id='line_1_23' title="bbox 238 1946 1650 1996; baseline 0.001 -12"><span class='ocrx_word' id='word_1_173' title='bbox 238 1960 261 1984; x_wconf 87' lang='lat' dir='ltr'>a</span> <span class='ocrx_word' id='word_1_174' title='bbox 288 1946 378 1984; x_wconf 88' lang='lat' dir='ltr'>luxu</span> <span class='ocrx_word' id='word_1_175' title='bbox 397 1946 668 1996; x_wconf 85' lang='lat' dir='ltr'>intempestivo</span> <span class='ocrx_word' id='word_1_176' title='bbox 694 1947 888 1985; x_wconf 83' lang='lat' dir='ltr'>deterrere</span> <span class='ocrx_word' id='word_1_177' title='bbox 908 1946 1089 1985; x_wconf 88' lang='lat' dir='ltr'>voluisse!</span> <span class='ocrx_word' id='word_1_178' title='bbox 1134 1946 1333 1985; x_wconf 84' lang='lat' dir='ltr'>Galianius</span> <span class='ocrx_word' id='word_1_179' title='bbox 1354 1948 1392 1984; x_wconf 90' lang='lat' dir='ltr'>et</span> <span class='ocrx_word' id='word_1_180' title='bbox 1412 1946 1650 1985; x_wconf 89' lang='lat' dir='ltr'>Mitscherli-</span> 
     </span>
     <span class='ocr_line' id='line_1_24' title="bbox 236 2011 1652 2060; baseline 0 -12"><span class='ocrx_word' id='word_1_181' title='bbox 236 2011 346 2049; x_wconf 85' lang='lat' dir='ltr'>chius</span> <span class='ocrx_word' id='word_1_182' title='bbox 388 2011 429 2048; x_wconf 91' lang='lat' dir='ltr'>in</span> <span class='ocrx_word' id='word_1_183' title='bbox 471 2011 640 2049; x_wconf 86' lang='lat' dir='ltr'>carmine</span> <span class='ocrx_word' id='word_1_184' title='bbox 673 2011 837 2048; x_wconf 88' lang='lat' dir='ltr'>ironiam</span> <span class='ocrx_word' id='word_1_185' title='bbox 871 2013 910 2049; x_wconf 84' lang='lat' dir='ltr'>et</span> <span class='ocrx_word' id='word_1_186' title='bbox 937 2011 1060 2048; x_wconf 86' lang='lat' dir='ltr'>fastus</span> <span class='ocrx_word' id='word_1_187' title='bbox 1088 2011 1220 2060; x_wconf 90' lang='lat' dir='ltr'>stirpis</span> <span class='ocrx_word' id='word_1_188' title='bbox 1249 2011 1405 2060; x_wconf 87' lang='lat' dir='ltr'>superbi</span> <span class='ocrx_word' id='word_1_189' title='bbox 1433 2011 1652 2049; x_wconf 89' lang='lat' dir='ltr'>irrisionem</span> 
     </span>
     <span class='ocr_line' id='line_1_25' title="bbox 236 2074 1652 2125; baseline 0.001 -12"><span class='ocrx_word' id='word_1_190' title='bbox 236 2075 381 2113; x_wconf 84' lang='lat' dir='ltr'>vident.</span> <span class='ocrx_word' id='word_1_191' title='bbox 445 2074 651 2117; x_wconf 79' lang='lat' dir='ltr'>Duentzer,</span> <span class='ocrx_word' id='word_1_192' title='bbox 695 2075 762 2125; x_wconf 92' lang='lat' dir='ltr'>qui</span> <span class='ocrx_word' id='word_1_193' title='bbox 809 2075 1070 2122; x_wconf 85' lang='lat' dir='ltr'>„subtiliorem</span> <span class='ocrx_word' id='word_1_194' title='bbox 1111 2075 1322 2113; x_wconf 86' lang='lat' dir='ltr'>carminum</span> <span class='ocrx_word' id='word_1_195' title='bbox 1364 2075 1652 2114; x_wconf 85' lang='lat' dir='ltr'>horatianorum</span> 
     </span>
     <span class='ocr_line' id='line_1_26' title="bbox 235 2139 1652 2189; baseline 0.001 -13"><span class='ocrx_word' id='word_1_196' title='bbox 235 2139 515 2188; x_wconf 84' lang='lat' dir='ltr'>cognitionem“</span> <span class='ocrx_word' id='word_1_197' title='bbox 564 2139 713 2177; x_wconf 87' lang='lat' dir='ltr'>efficere</span> <span class='ocrx_word' id='word_1_198' title='bbox 756 2139 851 2185; x_wconf 88' lang='lat' dir='ltr'>vult,</span> <span class='ocrx_word' id='word_1_199' title='bbox 893 2140 1115 2189; x_wconf 84' lang='lat' dir='ltr'>symbolica,</span> <span class='ocrx_word' id='word_1_200' title='bbox 1152 2142 1192 2176; x_wconf 88' lang='lat' dir='ltr'>ut</span> <span class='ocrx_word' id='word_1_201' title='bbox 1220 2140 1328 2177; x_wconf 86' lang='lat' dir='ltr'>aiunt</span> <span class='ocrx_word' id='word_1_202' title='bbox 1356 2139 1493 2185; x_wconf 84' lang='lat' dir='ltr'>Graeci,</span> <span class='ocrx_word' id='word_1_203' title='bbox 1524 2141 1652 2178; x_wconf 92' lang='lat' dir='ltr'>omnia</span> 
     </span>
     <span class='ocr_line' id='line_1_27' title="bbox 235 2201 1650 2253; baseline 0.001 -14"><span class='ocrx_word' id='word_1_204' title='bbox 235 2214 318 2240; x_wconf 89' lang='lat' dir='ltr'>esse</span> <span class='ocrx_word' id='word_1_205' title='bbox 346 2204 470 2252; x_wconf 89' lang='lat' dir='ltr'>putat.</span> <span class='ocrx_word' id='word_1_206' title='bbox 533 2201 875 2252; x_wconf 74' lang='lat' dir='ltr'>„Argumentum‚“</span> <span class='ocrx_word' id='word_1_207' title='bbox 909 2203 1047 2253; x_wconf 89' lang='lat' dir='ltr'>inquit,</span> <span class='ocrx_word' id='word_1_208' title='bbox 1083 2202 1284 2249; x_wconf 83' lang='lat' dir='ltr'>„carminis</span> <span class='ocrx_word' id='word_1_209' title='bbox 1303 2202 1374 2241; x_wconf 90' lang='lat' dir='ltr'>hoc</span> <span class='ocrx_word' id='word_1_210' title='bbox 1395 2205 1469 2241; x_wconf 87' lang='lat' dir='ltr'>est:</span> <span class='ocrx_word' id='word_1_211' title='bbox 1499 2203 1650 2241; x_wconf 89' lang='lat' dir='ltr'>tamdiu</span> 
     </span>
     <span class='ocr_line' id='line_1_28' title="bbox 234 2266 1651 2318; baseline 0.002 -15"><span class='ocrx_word' id='word_1_212' title='bbox 234 2266 375 2313; x_wconf 87' lang='lat' dir='ltr'>vixisti,</span> <span class='ocrx_word' id='word_1_213' title='bbox 405 2267 589 2316; x_wconf 90' lang='lat' dir='ltr'>quamdiu</span> <span class='ocrx_word' id='word_1_214' title='bbox 617 2266 880 2316; x_wconf 88' lang='lat' dir='ltr'>voluptatibus</span> <span class='ocrx_word' id='word_1_215' title='bbox 909 2270 948 2305; x_wconf 90' lang='lat' dir='ltr'>te</span> <span class='ocrx_word' id='word_1_216' title='bbox 978 2267 1128 2305; x_wconf 90' lang='lat' dir='ltr'>dedisti.</span> <span class='ocrx_word' id='word_1_217' title='bbox 1185 2266 1287 2305; x_wconf 89' lang='lat' dir='ltr'>Liris</span> <span class='ocrx_word' id='word_1_218' title='bbox 1315 2267 1444 2318; x_wconf 84' lang='lat' dir='ltr'>imago</span> <span class='ocrx_word' id='word_1_219' title='bbox 1472 2268 1651 2306; x_wconf 84' lang='lat' dir='ltr'>celeriter</span> 
     </span>
     <span class='ocr_line' id='line_1_29' title="bbox 235 2330 1649 2381; baseline 0.002 -13"><span class='ocrx_word' id='word_1_220' title='bbox 235 2330 497 2369; x_wconf 88' lang='lat' dir='ltr'>evanescentis</span> <span class='ocrx_word' id='word_1_221' title='bbox 525 2332 723 2380; x_wconf 84' lang='lat' dir='ltr'>morteque</span> <span class='ocrx_word' id='word_1_222' title='bbox 752 2331 981 2370; x_wconf 89' lang='lat' dir='ltr'>intereuntis</span> <span class='ocrx_word' id='word_1_223' title='bbox 1009 2332 1098 2370; x_wconf 84' lang='lat' dir='ltr'>vitae</span> <span class='ocrx_word' id='word_1_224' title='bbox 1128 2333 1207 2369; x_wconf 73' lang='lat' dir='ltr'>est‘</span> <span class='ocrx_word' id='word_1_225' title='bbox 1235 2332 1277 2381; x_wconf 88' lang='lat'>¹).</span> <span class='ocrx_word' id='word_1_226' title='bbox 1334 2331 1491 2371; x_wconf 86' lang='lat' dir='ltr'>Annosa</span> <span class='ocrx_word' id='word_1_227' title='bbox 1521 2334 1649 2372; x_wconf 86' lang='lat' dir='ltr'>cornix</span> 
     </span>
    </p>
   </div>
   <div class='ocr_carea' id='block_1_6' title="bbox 230 2480 1651 2584">
    <p class='ocr_par' dir='ltr' id='par_1_6' title="bbox 230 2480 1651 2584">
     <span class='ocr_line' id='line_1_30' title="bbox 366 2480 1651 2535; baseline 0.005 -13"><span class='ocrx_word' id='word_1_228' title='bbox 366 2489 388 2528; x_wconf 88' lang='lat'>¹)</span> <span class='ocrx_word' id='word_1_229' title='bbox 415 2486 482 2523; x_wconf 82' lang='lat' dir='ltr'>Hoc</span> <span class='ocrx_word' id='word_1_230' title='bbox 505 2495 615 2523; x_wconf 73' lang='lat' dir='ltr'>saltem</span> <span class='ocrx_word' id='word_1_231' title='bbox 637 2480 792 2532; x_wconf 62' lang='lat' dir='ltr'>discrepat</span> <span class='ocrx_word' id='word_1_232' title='bbox 815 2505 833 2524; x_wconf 75' lang='lat' dir='ltr'>a</span> <span class='ocrx_word' id='word_1_233' title='bbox 855 2498 948 2525; x_wconf 87' lang='lat' dir='ltr'>verbo</span> <span class='ocrx_word' id='word_1_234' title='bbox 971 2496 1148 2535; x_wconf 82' lang='lat' dir='ltr'>innantem,</span> <span class='ocrx_word' id='word_1_235' title='bbox 1172 2499 1255 2533; x_wconf 85' lang='lat' dir='ltr'>quod</span> <span class='ocrx_word' id='word_1_236' title='bbox 1277 2499 1366 2527; x_wconf 74' lang='lat' dir='ltr'>tarde</span> <span class='ocrx_word' id='word_1_237' title='bbox 1389 2501 1419 2527; x_wconf 88' lang='lat' dir='ltr'>et</span> <span class='ocrx_word' id='word_1_238' title='bbox 1442 2501 1525 2528; x_wconf 78' lang='lat' dir='ltr'>lente</span> <span class='ocrx_word' id='word_1_239' title='bbox 1547 2501 1651 2528; x_wconf 81' lang='lat' dir='ltr'>laben-</span> 
     </span>
     <span class='ocr_line' id='line_1_31' title="bbox 230 2545 718 2584; baseline 0.004 -10"><span class='ocrx_word' id='word_1_240' title='bbox 230 2545 296 2574; x_wconf 70' lang='lat' dir='ltr'>tem</span> <span class='ocrx_word' id='word_1_241' title='bbox 317 2548 400 2575; x_wconf 85' lang='lat' dir='ltr'>Liris</span> <span class='ocrx_word' id='word_1_242' title='bbox 423 2556 534 2583; x_wconf 78' lang='lat' dir='ltr'>aquam</span> <span class='ocrx_word' id='word_1_243' title='bbox 557 2549 718 2584; x_wconf 69' lang='lat' dir='ltr'>significat.</span> 
     </span>
    </p>
   </div>
  </div>
 </body>
</html>
