1768 2856
390 315 528 368 Itaque
561 318 593 356 si
622 332 776 357 carmen
816 315 893 356 non
919 320 1125 368 propterea
1152 318 1325 368 spurium
1352 318 1572 357 habendum
1600 322 1670 366 est,

261 381 363 431 quod
404 382 682 433 mythologicas
722 381 1030 420 narratiunculas
1073 382 1255 427 continet,
1297 395 1385 432 quae
1419 395 1481 420 res
1515 383 1570 420 eis
1597 396 1672 421 non

260 446 356 485 satis
398 447 654 487 commendari
680 449 819 498 potest,
854 445 933 497 qui,
963 445 1275 497 quotiescumque
1302 446 1476 485 fabulam
1503 446 1673 497 aliquam

263 512 424 550 carmini
465 513 651 551 insertam
677 512 822 557 vident,
852 512 1117 561 corruptorum
1144 511 1426 561 impudentiam
1455 511 1671 558 odorantur,

258 578 393 624 restat,
422 579 466 615 ut
492 577 702 622 videamus,
732 589 809 625 qua
836 574 984 613 ratione
1011 574 1126 613 huius
1154 575 1335 614 carminis
1360 575 1504 614 fabulae
1524 576 1573 614 ad
1592 575 1671 627 Ly-

245 641 334 679 -den
375 642 606 691 pertineant.
661 639 1112 678 HoratiusMercurium
1138 640 1339 690 lyramque
1366 640 1519 678 invocat
1543 643 1583 678 et
1600 654 1671 690 pe-

256 705 319 751 tit,
361 707 404 752 ut
432 717 587 743 carmen
620 703 820 753 incipiant,
849 703 950 753 quod
977 703 1113 753 Lyden
1142 703 1371 741 obstinatam
1399 717 1552 742 movere
1580 717 1670 754 pos—

255 769 320 808 sit.
375 769 492 808 Multi
534 768 665 806 dicunt
699 767 907 806 absurdum
934 767 1107 806 futurum
1134 767 1253 806 fuisse
1280 768 1500 806 narratione
1529 768 1669 806 amoris

259 835 341 872 tam
380 833 513 872 miseri
560 832 731 871 animum
771 831 897 882 Lydes
938 832 1133 883 mitigare.
1189 831 1293 870 Ante
1336 832 1462 870 omnia
1502 832 1667 871 mentio-

256 911 345 936 nem
381 898 698 948 Hypermnestrae
726 896 861 947 Lyden
889 897 937 935 ab
967 910 1093 935 amore
1123 897 1396 935 deterrituram
1423 897 1555 944 fuisse,
1598 897 1667 948 qui

255 963 402 1000 amanti
428 976 504 1001 non
531 962 670 999 amoris
698 961 900 1010 praemium
917 962 984 999 sed
1003 962 1149 999 dolores
1170 964 1207 999 et
1227 962 1418 999 cruciatus
1443 962 1601 999 afferret
1621 962 1664 1010 ¹).

256 1025 340 1065 Hoc
368 1028 498 1065 tamen
526 1025 734 1076 speciosius
762 1037 878 1075 quam
905 1024 1031 1063 verius
1060 1025 1205 1064 dictum
1233 1027 1304 1064 est.
1350 1024 1443 1065 Iam.
1453 1025 1665 1064 Lambinus

253 1090 482 1140 simpliciter
524 1092 563 1127 et
603 1089 750 1127 sincere
788 1089 1066 1126 sententiarum
1111 1090 1434 1127 continuationem
1476 1090 1661 1139 exposuit.

254 1152 439 1192 Horatius
466 1153 603 1203 Lyden
631 1146 825 1191 deterrere
853 1151 947 1198 vult,
975 1165 1024 1191 ne
1052 1165 1188 1203 aspera
1215 1153 1461 1199 inamatores
1480 1153 1543 1200 sit,
1560 1166 1663 1192 com-

252 1218 495 1267 memorando
524 1217 719 1256 Danaides
747 1216 788 1254 in
815 1216 949 1255 inferis
976 1229 1111 1266 poenas
1139 1217 1300 1264 dedisse,
1316 1216 1664 1267 Hypermnestram

253 1284 395 1327 autem,
438 1281 539 1331 quod
578 1281 737 1318 honeste
778 1276 821 1317 se*
860 1280 1054 1330 gessisset,
1095 1281 1348 1318 immortalem
1388 1281 1552 1331 gloriam
1580 1294 1663 1320 esse

255 1346 499 1384 consecutam
526 1346 586 1393 (in
614 1357 719 1383 omne
745 1345 850 1394 viryo
877 1344 1013 1381 nobilis
1041 1345 1188 1392 aevum).

380 1408 575 1447 Praeterea
602 1408 707 1446 haud
735 1410 960 1446 cunctanter
987 1408 1042 1446 eis
1070 1408 1278 1455 subscribo,
1299 1421 1385 1458 quae
1406 1408 1501 1446 dixit
1519 1408 1660 1448 Ritter.

258 1472 548 1523 „Primarium“,
578 1473 715 1523 inquit,
751 1475 1043 1523 „argumentum
1071 1473 1248 1511 carminis
1276 1476 1345 1519 est,
1366 1474 1467 1523 quod
1485 1474 1660 1513 versibus

251 1539 408 1576 22—25
451 1540 641 1575 narratur.
698 1537 791 1582 Quae
834 1537 1076 1583 antecedunt,
1118 1537 1193 1575 huc
1234 1540 1422 1586 spectant,
1465 1540 1509 1574 ut
1542 1551 1603 1576 res
1638 1552 1661 1576 a

250 1600 377 1640 Danai
418 1601 571 1640 filiabus
613 1603 777 1651 patratae
811 1600 980 1651 lepidam
1008 1601 1053 1639 ob
1082 1614 1235 1639 causam
1262 1601 1387 1639 facete
1415 1601 1659 1641 tradantur“.

248 1665 383 1716 Lyden
423 1666 488 1704 hic
529 1666 714 1704 secundas
733 1684 735 1686 ·
755 1667 886 1715 partes
921 1678 1048 1715 agere,
1077 1666 1166 1702 inde
1195 1665 1312 1702 etiam
1340 1668 1515 1715 apparet,
1544 1667 1658 1715 quod,

225 1743 367 1780 ‚quum
408 1730 467 1768 bis
510 1730 591 1768 eius
618 1729 760 1768 mentio
789 1729 870 1775 fiat,
913 1728 1096 1767 Horatius
1125 1743 1208 1767 eam
1235 1729 1344 1767 modo
1374 1733 1657 1777 commemorat,

247 1807 321 1832 non
350 1794 569 1844 alloquitur.
626 1793 720 1839 Quae
749 1794 887 1832 deinde
915 1792 1044 1831 Ritter
1068 1793 1237 1842 loquitur
1260 1793 1465 1831 Horatium
1478 1794 1658 1844 ignaram

246 1858 401 1907 plebem
441 1870 639 1895 romanam
681 1857 901 1894 Danaidum
941 1857 1142 1895 historiam
1183 1858 1316 1894 docere
1350 1857 1526 1904 voluisse,
1556 1859 1658 1907 quod

246 1924 383 1960 statuae
418 1935 549 1960 earum
588 1922 629 1959 in
661 1921 873 1972 porticibus
900 1922 1082 1972 palatinae
1110 1921 1300 1972 Apollinis
1329 1921 1421 1959 aedis
1450 1935 1547 1960 anno
1578 1922 1655 1961 726

246 1987 432 2025 dedicatae
475 1990 613 2033 essent,
656 1987 784 2037 lepide
825 1987 910 2025 haec
944 1987 1099 2036 quidem
1127 1987 1308 2032 coniecta,
1338 1987 1539 2024 credibilia
1566 2001 1655 2025 vero

243 2063 319 2088 non
360 2053 460 2088 sunt.
517 2050 563 2089 In
603 2050 675 2088 tali
708 2050 877 2089 carmine
906 2051 1093 2089 didactico
1123 2050 1324 2088 obstinatae
1352 2050 1471 2100 Lydae
1499 2064 1655 2100 prorsus

243 2114 371 2152 nullus
400 2117 500 2153 esset
526 2114 643 2153 locus.
699 2114 801 2153 Vero
830 2115 1068 2152 simillimum
1096 2116 1153 2151 est
1181 2114 1386 2152 Horatium
1413 2114 1520 2152 nulla
1540 2129 1655 2153 causa

244 2178 478 2216 extrinsecus
506 2178 700 2216 incidente
729 2191 884 2216 carmen
911 2178 1121 2228 scripsisse,
1151 2178 1218 2215 sed
1246 2178 1403 2227 cupiens
1422 2178 1654 2217 Alexandri-

242 2254 378 2281 norum
404 2242 513 2281 modo
543 2256 697 2281 carmen
724 2242 941 2281 fabulosum
968 2256 1151 2294 pangere.

372 2306 480 2352 Quod
508 2307 541 2344 si
568 2320 693 2356 neque
721 2307 762 2344 in
789 2308 906 2345 totius
935 2307 1114 2346 carminis
1134 2309 1372 2357 argumento,
1392 2310 1435 2345 ut
1456 2309 1655 2347 ostendere

242 2372 399 2409 conatus
441 2384 537 2418 sum,
579 2384 704 2422 neque
738 2371 779 2409 in
806 2372 976 2422 partium
1003 2371 1273 2422 compositione
1300 2371 1401 2410 inest
1429 2386 1556 2420 causa,
1587 2387 1655 2412 cur

241 2436 415 2484 spurium
442 2436 482 2473 id
509 2436 733 2483 habeamus,
763 2437 954 2487 reliquum
982 2439 1049 2483 est,
1078 2439 1123 2473 ut
1150 2436 1412 2486 inspiciamus,
1432 2439 1526 2488 quid
1546 2439 1654 2477 dubii

374 2584 395 2621 ¹)
418 2589 496 2617 Vide
518 2590 627 2618 Lehrs.
651 2598 722 2626 pag.
746 2591 831 2618 CXII
853 2599 932 2626 sqq.‚
957 2591 1076 2626 Grupp.
1099 2592 1188 2619 Aeac.
1214 2593 1274 2620 437
1300 2601 1377 2628 sqq.‚
1402 2594 1542 2622 Schuetz.
1568 2595 1640 2623 365.
