1768 2856
813 140 1053 207 ——oo—v

206 277 356 326 (bland.
399 277 494 327 vet.)
530 277 635 323 insit,
679 290 724 315 ea
751 277 866 315 lectio
896 290 918 313 a
946 275 1192 314 Lachmanno
1223 277 1383 325 accepta
1412 277 1481 321 est,
1511 287 1633 325 quam

200 346 244 381 ut
282 343 350 389 eis,
386 356 473 394 quae
502 341 739 393 praecedunt.
770 344 902 393 aptam
929 340 1088 387 faceret,
1119 340 1291 379 codicum
1319 353 1451 379 vocem
1479 338 1636 391 tyrrhe—

204 422 297 446 num
326 408 366 445 in
395 413 585 445 terrenum
613 408 790 453 mutavit,
821 409 859 445 et
886 408 1044 456 propter
1071 419 1253 456 magnam
1267 405 1507 444 Lachmanm'
1535 418 1631 443 auc-

202 473 401 511 toritatem
460 472 680 511 coniectura
739 472 821 510 eius
878 470 1009 509 multis
1069 470 1280 509 editoribus
1338 470 1499 520 probata
1553 471 1625 509 est.

200 538 333 576 Etiam
375 537 509 575 Keller
550 527 595 574 in*
634 537 693 575 ed.
738 536 829 574 anni
867 536 970 574 1864
998 535 1096 585 legit
1125 540 1314 573 terrenum
1344 558 1393 562 -
1416 535 1627 585 publicum,

199 602 266 640 sed
300 602 340 639 in
376 601 531 653 Epileg.
567 601 615 639 ad
649 601 824 640 codicum
856 600 1060 639 lectionem
1096 612 1271 638 reversus
1309 598 1463 649 scripsit
1508 598 1628 649 Tyrr-

198 666 336 704 henum
379 689 428 693 ——
472 667 693 716 Apulicum.
759 666 903 704 Mirum
946 668 1003 703 est
1045 678 1133 702 eum
1174 666 1379 713 utramque
1421 664 1630 703 lectionem

199 730 414 780 (apulicum
457 732 496 768 et
537 729 754 780 publicum)
797 729 951 768 scholiis
993 728 1269 779 Porphyrionis
1305 727 1625 766 adminiculatum.

200 809 294 833 esse.
365 794 509 845 Porph.
559 797 688 833 autem
730 794 815 834 haec
859 794 1073 833 annotavit:
1117 793 1205 831 Hac
1246 793 1312 831 ode
1354 792 1543 831 invehitur
1583 794 1638 844 in-

199 861 398 897 Iuoeurc’am
426 859 599 908 aedificiis
627 872 703 897 non
731 864 874 897 terram
902 864 1049 897 tantum
1077 871 1204 896 verum
1233 859 1345 896 etiam
1374 859 1500 895 maria
1519 870 1625 895 occu-

191 929 362 974 pantem,
392 924 493 961 unde
522 937 570 961 ne
598 923 723 961 hilum
752 924 909 973 quidem
938 923 1163 962 concludere
1191 923 1295 968 licet,
1325 925 1453 960 utrum
1482 922 1627 973 legerit

196 1002 303 1026 mare
341 988 537 1037 apulicum
572 1001 620 1025 an
655 987 866 1037 publicum.
925 988 1103 1027 Ceterum
1131 987 1265 1025 Keller
1286 987 1315 1036 ¹)
1346 987 1489 1036 optime
1518 986 1627 1024 codi-
1665 988 1667 992 '

197 1066 285 1091 cum
313 1052 517 1091 lectionem
546 1052 731 1090 defendit.
786 1051 1000 1090 Terrenum
1019 1052 1303 1090 substantivum
1323 1051 1456 1090 Livius
1475 1050 1626 1101 primus

196 1117 400 1167 usurpavit
428 1116 509 1165 (23,
543 1116 621 1165 19).
679 1116 770 1154 Post
800 1130 887 1154 eum
915 1130 1031 1167 saepe,
1062 1119 1152 1155 ante
1181 1130 1268 1154 eum
1295 1129 1485 1166 nusquam
1512 1116 1624 1154 inve-

196 1181 315 1219 nitur.
373 1181 448 1219 Sed
478 1184 629 1219 extruso
659 1181 826 1219 omnium
856 1182 1030 1220 codicum
1057 1182 1174 1220 verbo
1200 1181 1357 1219 dubiam
1378 1180 1563 1219 eiusmodi
1583 1182 1625 1218 et

195 1246 385 1283 incertam
426 1259 559 1283 vocem
593 1245 787 1283 inculcare
823 1248 862 1283 et
890 1246 1048 1295 pessimi
1077 1246 1240 1296 exempli
1270 1248 1308 1283 et
1336 1254 1621 1295 supervacanea

196 1323 257 1348 res
287 1312 357 1348 est.
416 1310 532 1348 Codd.
561 1309 708 1347 habent
737 1309 944 1360 apulicum,
975 1303 1158 1360 pulicum,
1178 1309 1389 1361 publicum,
1409 1309 1619 1360 ponticum.

193 1374 399 1413 Ponticum
441 1375 481 1412 in
523 1375 773 1412 mavortianis
814 1375 920 1413 codd.
966 1377 1034 1420 est,
1079 1389 1197 1424 quum
1239 1377 1369 1413 autem
1406 1374 1619 1413 Mavortius

196 1438 528 1489 Constantinopoli
570 1452 690 1489 prope
724 1438 890 1477 Pontum
918 1439 1066 1482 vixerit,
1103 1439 1303 1477 intellectu
1331 1439 1435 1477 haud
1464 1431 1619 1477 difficile

195 1506 265 1549 est,
304 1518 324 1542 e
359 1517 432 1554 quo
467 1503 573 1541 fonte
607 1504 761 1541 fluxerit
790 1504 870 1541 eius
905 1504 1181 1550 „emendatio“.
1240 1504 1416 1542 Pulicum
1445 1517 1487 1542 eo
1516 1506 1619 1542 tem-

196 1581 290 1617 pore
320 1570 445 1605 ortum
475 1570 544 1613 est,
575 1581 649 1617 quo
677 1567 830 1605 Puliam
850 1568 881 1617 2)
911 1581 979 1618 pro
1009 1567 1154 1618 Apulia
1183 1568 1311 1606 dicere
1332 1571 1553 1617 coeperunt,
1573 1571 1620 1605 ut

196 1631 382 1682 Spaniam
409 1646 478 1681 pro
508 1632 711 1682 Hispania.
760 1632 910 1670 Deinde
940 1632 1090 1670 librarii
1118 1632 1247 1683 ignari
1261 1632 1434 1682 pulicum
1448 1632 1488 1670 in
1516 1633 1619 1682 pub-

191 1695 311 1733 licum
340 1698 599 1733 mutaverunt.
658 1696 841 1733 Dubitari
869 1696 931 1733 vix
959 1698 1098 1746 potest,
1129 1697 1222 1746 quin
1250 1696 1322 1734 hoc
1355 1697 1463 1734 modo
1498 1697 1616 1735 variae

192 1759 367 1797 codicum
409 1759 592 1797 lectiones
637 1773 679 1797 ex
715 1760 919 1810 archetypi
947 1774 1039 1798 voce
1067 1760 1277 1810 Apulicum
1306 1763 1397 1799 ortae
1426 1761 1516 1807 sint,
1545 1774 1615 1799 ne-

188 1836 312 1873 neque
343 1826 400 1861 est
429 1837 544 1862 causa
573 1837 641 1862 cur
668 1826 866 1862 terrenum
895 1824 1126 1863 coniciamus
1156 1827 1221 1863 aut
1249 1838 1406 1863 versum
1440 1825 1614 1875 spurium

191 1901 276 1925 esse
317 1891 507 1937 putemus.
564 1888 667 1926 Nam
703 1889 818 1926 etiam
848 1889 880 1926 si
909 1889 1140 1927 sententiam
1168 1892 1398 1940 spectamus,
1427 1890 1526 1928 nihil
1555 1892 1613 1928 est

189 1952 502 2001 vituperandum.
560 1952 669 1989 Mare
698 1952 941 2002 Tyrrhenum
971 1955 1009 1991 et
1037 1967 1142 1991 mare
1173 1954 1367 2004 apulicum
1392 1954 1430 1992 h.
1453 1968 1485 1993 e.
1506 1968 1613 1994 mare

188 2015 357 2053 inferum
401 2018 439 2053 et
480 2029 587 2053 mare
629 2029 823 2065 superum,
852 2017 891 2054 h.
923 2031 954 2054 e.
986 2017 1058 2054 duo
1086 2018 1154 2055 illa
1182 2018 1316 2064 maria,
1347 2032 1432 2068 quae
1462 2018 1614 2057 alluunt

188 2078 343 2116 Italiam
363 2079 408 2128 ³).

321 2269 341 2306 ¹)
364 2276 484 2310 Epileg.
510 2277 582 2308 260,
606 2285 672 2311 sqq.

321 2322 342 2360 2)
368 2329 440 2361 Quae
463 2330 562 2357 forma
585 2331 759 2358 etiamnunc
782 2332 812 2358 in
835 2341 895 2359 usu
919 2334 976 2360 est.

318 2375 339 2413 ³)
365 2382 454 2414 Quod
476 2384 588 2410 attinet
611 2384 649 2410 ad
673 2385 861 2419 syllabarum
883 2394 1059 2413 mensuram
1082 2387 1112 2413 in
1128 2395 1202 2414 voce
1212 2388 1385 2423 Apulicum,
1400 2388 1521 2415 constat
1537 2395 1604 2414 eam

184 2442 266 2469 saepe
300 2435 331 2461 in
364 2436 511 2470 propriis,
535 2445 601 2471 quae
624 2440 744 2471 vocant,
773 2439 949 2466 nominibus
973 2448 1042 2467 esse
1065 2440 1222 2469 incertam.
1275 2442 1363 2474 Quod
1386 2440 1501 2468 Peerlc.
1527 2437 1603 2467 dicit

183 2488 215 2514 in
238 2488 297 2515 hoe
320 2497 413 2516 versu
436 2497 580 2524 magnam
602 2491 705 2518 inesse
727 2493 868 2519 veritatis
892 2493 1133 2528 superlationem
1157 2492 1389 2530 (hyperbolum),
1413 2494 1464 2521 vix
1488 2493 1514 2520 si
1536 2500 1605 2520 sen-

182 2542 312 2568 tentiam
335 2542 529 2570 horatianum
553 2544 784 2572 consideramus
808 2546 888 2573 serio
912 2546 1029 2574 dictum
1053 2555 1122 2575 esse
1144 2548 1275 2576 videtur.
