1768 2856
172 262 240 300 illa
268 261 444 300 Suetoni:
481 264 691 308 „venerunt
718 262 759 298 in
786 263 943 299 manus⁴‘
979 264 1052 299 cet.
1083 263 1122 299 et
1149 258 1412 312 fragmentum
1440 262 1596 305 criticas

173 325 291 365 Probi
325 328 436 365 notas
472 325 669 365 continens
705 340 726 363 a
755 324 826 364 Th.
856 325 1107 364 Mommsenio
1135 326 1335 364 inventum
1363 328 1402 365 et
1430 322 1508 364 iam
1537 339 1596 365 a20

177 391 279 429 1845
324 405 346 429 a
388 390 459 428 Th.
503 390 673 440 Bergkio
709 390 945 440 descriptum
967 390 1009 439 ¹).
1066 390 1162 429 Haec
1192 393 1420 441 argumenta
1447 390 1619 436 Keller,

175 457 363 505 quantum
405 454 583 504 equidem
624 454 714 500 scio,
757 444 908 492 silentio
951 467 1103 504 semper
1143 455 1345 504 praeteriit.
1412 443 1521 500 Quod
1562 454 1597 495 si

175 519 236 557 his
272 519 387 557 certis
415 518 645 556 testimoniis
674 518 900 557 concludere
943 518 1035 556 licet
1075 518 1334 568 interpolandi
1366 519 1504 557 saltem
1532 523 1596 557 co'-

175 586 290 620 natus
318 583 439 620 factos
469 595 563 627 esse,
606 585 738 620 tamen
767 582 899 620 multis
930 581 1016 620 aliis
1043 582 1159 619 rebus
1188 582 1374 633 cogimur,
1402 585 1446 621 ut
1474 583 1596 621 inter·
1635 632 1637 634 Ι
1659 586 1664 595 ’

177 647 400 697 polationes,
437 646 576 695 quibus
614 646 771 696 quidem
800 646 1018 696 contigerit,
1047 648 1091 684 ut
1119 646 1314 697 germanis
1343 646 1482 685 Horati
1511 660 1596 685 car-

176 711 345 748 minibus
373 711 647 757 insererentur,
676 724 890 760 perpaucas
920 724 1001 748 esse
1030 713 1220 760 putemus.

307 773 449 812 Omnes
478 774 585 812 codd.
615 774 809 811 horatiani
837 788 993 826 numero
1024 774 1127 812 circa
1153 775 1230 812 250
1250 774 1306 812 ita
1325 774 1426 812 inter
1446 788 1486 812 se
1507 788 1596 813 con-

178 839 348 883 veniunt,
369 840 424 883 ut,
446 838 478 875 si
498 837 578 875 Sat.
596 837 625 875 I:
646 839 707 883 10,
726 839 829 875 1-8
851 838 1029 887 excipiaS,
1050 838 1116 887 qui
1135 851 1268 876 versus
1288 838 1328 875 in
1343 838 1596 876 deterioribus

178 902 372 940 nonnullis
401 901 512 939 mstis
540 901 671 939 insunt
699 899 887 952 volgoque
917 902 1038 951 spurii
1067 901 1272 948 habentur,
1306 915 1355 940 ne
1383 915 1481 940 unus
1510 902 1598 952 qui-

180 967 267 1004 dem
308 965 441 1004 versus
482 966 523 1003 in
566 966 695 1004 codice
734 967 796 1012 sit,
840 966 932 1015 quin
963 966 1080 1003 etiam
1108 966 1149 1003 in
1177 966 1337 1016 reliquis
1366 966 1597 1004 inveniatur.
1643 976 1646 980 ⁴

180 1029 323 1068 Omnes
365 1030 407 1068 hi
450 1030 498 1068 ad
532 1044 651 1068 unum
686 1030 938 1080 archetypum
966 1030 1046 1068 sive
1074 1030 1244 1080 priscum
1274 1030 1468 1081 exemplar
1495 1030 1597 1069 refe-

180 1097 330 1140 runtur,
361 1095 461 1144 quod
491 1096 529 1132 et
557 1097 715 1144 propter
736 1094 1051 1145 orthographiam
1073 1097 1111 1132 et
1131 1095 1221 1144 quia
1242 1109 1264 1132 a
1283 1093 1546 1145 grammaticis
1565 1095 1599 1144 2)

181 1159 351 1208 antiquis
393 1158 532 1196 Horati
566 1159 685 1196 verba
720 1158 845 1195 milies
875 1158 1145 1196 exhibentibus
1173 1161 1400 1208 usurpatum
1429 1160 1498 1204 est,
1528 1160 1598 1197 sub

180 1223 298 1260 finem
339 1222 455 1272 primi
497 1224 584 1271 post
626 1222 716 1259 Chr.
759 1222 890 1260 saeculi
933 1224 1059 1260 ortum
1092 1222 1204 1272 volgo
1246 1223 1418 1260 credunt.
1467 1222 1601 1260 Huius

182 1286 385 1336 archetypi
429 1288 557 1323 errata
598 1285 784 1335 pleraque
814 1286 940 1323 omnia
969 1286 1010 1323 in
1038 1285 1284 1324 librariorum
1311 1286 1600 1336 neglegentiam
1655 1310 1658 1313 -

182 1350 412 1389 conferenda
453 1351 554 1395 sunt,
597 1350 736 1387 menda
764 1350 907 1399 ineptis
943 1350 1080 1400 glossis
1112 1352 1194 1388 orta
1222 1352 1311 1387 sunt
1338 1350 1535 1388 rarissima
1553 1350 1599 1400 ⁸).

184 1414 311 1459 Quum
339 1414 461 1464 igitur
490 1413 629 1451 Horati
657 1414 803 1463 scripta
831 1427 901 1463 per
929 1417 1078 1464 septem
1107 1414 1248 1452 saecula
1277 1413 1382 1462 (nam
1411 1415 1601 1464 antiquis-

184 1478 283 1524 simi,
327 1491 419 1527 quos
461 1478 661 1524 habemus,
705 1478 853 1516 codices
896 1491 991 1516 nono
1020 1492 1058 1528 p.
1090 1478 1178 1516 Chr.
1209 1478 1347 1516 saeculo
1377 1466 1601 1528 extiterunt)

186 1543 335 1580 omnino
364 1542 446 1579 fere
475 1542 628 1592 integra
662 1545 815 1580 servata
843 1542 931 1588 sint,
962 1556 1123 1592 quorum
1150 1542 1286 1592 primis
1316 1556 1377 1580 ars
1406 1555 1601 1592 gramma-

184 1607 348 1645 ticorum
363 1606 446 1656 (qui
460 1606 752 1656 interpolatores
767 1606 885 1644 fuisse
901 1607 1131 1657 arguuntur)
1146 1607 1309 1644 maxime
1326 1607 1499 1654 florebat,
1511 1621 1604 1650 num

184 1685 273 1709 vero
302 1670 427 1708 simile
457 1673 525 1716 est,
570 1672 786 1708 contextum
814 1671 917 1708 intra
952 1672 1002 1709 60
1037 1671 1099 1708 vel
1135 1671 1185 1708 70
1215 1684 1332 1708 annos
1360 1671 1489 1720 paullo
1517 1673 1605 1721 post

185 1737 308 1785 poetae
342 1736 505 1773 mortem
539 1734 723 1773 memoria
759 1735 972 1773 carminum
999 1734 1147 1773 recenti
1174 1735 1286 1773 valde
1315 1735 1507 1785 corrumpi
1534 1749 1602 1786 po-

185 1800 328 1836 tuisse?
385 1798 529 1838 Tamen
557 1798 648 1836 huic
676 1801 757 1835 tam
784 1812 902 1847 parvo
931 1799 1096 1847 tempori
1126 1812 1253 1836 omnes
1282 1800 1513 1837 recentiores
1541 1800 1602 1837 in-

186 1862 481 1912 terpolationum
510 1864 743 1900 scrutatores
774 1861 1040 1900 adhaerescunt
1068 1864 1248 1912 putantes
1279 1862 1404 1900 omnia
1432 1865 1514 1901 tum
1542 1863 1603 1901 in-

187 1929 290 1965 serta
333 1940 414 1964 esse
458 1927 720 1964 additamenta
762 1927 905 1975 spuria.
976 1926 1052 1964 Sed
1095 1926 1212 1964 etiam
1255 1927 1301 1965 de
1336 1927 1401 1965 illo
1430 1929 1604 1977 quamvis

188 1990 324 2041 exiguo
366 1990 549 2040 temporis
591 1990 714 2040 spatio
744 1990 866 2028 multa
894 1990 1019 2041 promi
1047 1993 1206 2041 possunt
1235 1991 1283 2029 ad
1311 1990 1431 2029 vitam
1459 1991 1603 2043 hyper-

188 2056 332 2094 criticis
376 2056 554 2094 acerbam
596 2056 830 2094 reddendam
874 2056 1169 2094 accommodata.
1234 2056 1365 2093 Etiam
1392 2056 1460 2094 illa
1489 2060 1604 2095 aetate

186 2119 291 2157 haud
333 2133 419 2157 raro
453 2119 514 2157 vel
550 2121 942 2157 commemoraverunt
970 2119 1032 2157 vel
1060 2119 1202 2156 imitati
1230 2121 1318 2156 sunt
1346 2119 1408 2157 vel
1436 2121 1605 2159 oratione

187 2197 256 2221 sua
291 2184 496 2234 designant
531 2186 569 2221 et
597 2186 763 2234 tangunt
790 2184 909 2222 verba
938 2183 1077 2221 Horati
1107 2182 1278 2230 Ovidius,
1308 2183 1496 2231 Tibullus,
1526 2185 1605 2223 alii.

189 2247 260 2285 Od.
295 2247 325 2285 I:
364 2249 425 2293 12,
462 2249 509 2285 41
555 2248 775 2297 repudiavit
809 2248 899 2296 ipse
927 2247 1127 2296 Hauptius.
1151 2260 1222 2285 nec
1249 2261 1324 2285 non
1353 2248 1398 2286 L.
1429 2248 1604 2294 Mueller,

281 2351 301 2388 ¹)
325 2357 473 2385 Zeitsehr.
508 2358 529 2385 f.
565 2358 594 2385 d.
628 2358 689 2385 Alt.
724 2359 815 2386 Wiss.
851 2358 896 2385 De
930 2357 979 2384 his
1002 2356 1188 2384 testimoniis
1212 2358 1242 2385 in
1266 2359 1522 2386 commentatione
1545 2359 1606 2386 iam

189 2412 429 2439 commemorata
452 2411 543 2446 plura
565 2411 623 2438 feei
645 2412 748 2439 verba.

281 2458 302 2496 ⁹)
326 2464 473 2499 Exceptis
496 2466 598 2491 tamen
622 2465 735 2500 Porph.
760 2467 790 2492 et
806 2466 977 2492 Frontone.

281 2512 303 2550 ⁸)
327 2518 404 2545 Vide
427 2518 538 2545 Keller.
563 2518 681 2553 Epileg.
707 2519 763 2545 111:
790 2519 859 2546 778.
