<?xml version="1.0" encoding="UTF-8"?>
<!DOCTYPE html PUBLIC "-//W3C//DTD XHTML 1.0 Transitional//EN"
    "http://www.w3.org/TR/xhtml1/DTD/xhtml1-transitional.dtd">
<html xmlns="http://www.w3.org/1999/xhtml" xml:lang="en" lang="en">
 <head>
  <title>
</title>
<meta http-equiv="Content-Type" content="text/html;charset=utf-8" />
  <meta name='ocr-system' content='tesseract 3.04.00' />
  <meta name='ocr-capabilities' content='ocr_page ocr_carea ocr_par ocr_line ocrx_word'/>
</head>
<body>
  <div class='ocr_page' id='page_1' title='image "4737356_0011.png"; bbox 0 0 1768 2856; ppageno 0'>
   <div class='ocr_carea' id='block_1_1' title="bbox 0 0 1025 253">
    <p class='ocr_par' dir='ltr' id='par_1_1' title="bbox 0 0 1025 253">
     <span class='ocr_line' id='line_1_1' title="bbox 0 0 1025 253; baseline 0 2603"><span class='ocrx_word' id='word_1_1' title='bbox 0 0 1025 253; x_wconf 95' lang='lat' dir='ltr'><strong> </strong></span> 
     </span>
    </p>
   </div>
   <div class='ocr_carea' id='block_1_2' title="bbox 224 302 1641 739">
    <p class='ocr_par' dir='ltr' id='par_1_2' title="bbox 224 302 1641 739">
     <span class='ocr_line' id='line_1_2' title="bbox 225 302 1636 359; baseline -0.001 -15"><span class='ocrx_word' id='word_1_2' title='bbox 225 306 292 344; x_wconf 85' lang='lat' dir='ltr'><strong>sed</strong></span> <span class='ocrx_word' id='word_1_3' title='bbox 323 307 643 359; x_wconf 19' lang='lat' dir='ltr'><strong>*commemoravit</strong></span> <span class='ocrx_word' id='word_1_4' title='bbox 663 344 665 346; x_wconf 81' lang='grc'><em>,</em></span> <span class='ocrx_word' id='word_1_5' title='bbox 685 305 958 350; x_wconf 84' lang='lat' dir='ltr'><strong>Quintilianus,</strong></span> <span class='ocrx_word' id='word_1_6' title='bbox 1001 302 1097 342; x_wconf 85' lang='lat' dir='ltr'><strong>Inst.</strong></span> <span class='ocrx_word' id='word_1_7' title='bbox 1139 303 1206 341; x_wconf 90' lang='lat' dir='ltr'><strong>IX:</strong></span> <span class='ocrx_word' id='word_1_8' title='bbox 1251 305 1288 345; x_wconf 80' lang='lat'><strong>3,</strong></span> <span class='ocrx_word' id='word_1_9' title='bbox 1326 306 1387 342; x_wconf 87' lang='grc'><strong>18.</strong></span> <span class='ocrx_word' id='word_1_10' title='bbox 1444 304 1636 343; x_wconf 77' lang='lat' dir='ltr'>Martialis</span> 
     </span>
     <span class='ocr_line' id='line_1_3' title="bbox 224 363 1639 421; baseline -0.001 -12"><span class='ocrx_word' id='word_1_11' title='bbox 224 371 352 421; x_wconf 84' lang='lat' dir='ltr'><strong>tangit</strong></span> <span class='ocrx_word' id='word_1_12' title='bbox 379 371 508 418; x_wconf 86' lang='lat' dir='ltr'><strong>verba,</strong></span> <span class='ocrx_word' id='word_1_13' title='bbox 538 384 624 421; x_wconf 89' lang='lat' dir='ltr'><strong>quae</strong></span> <span class='ocrx_word' id='word_1_14' title='bbox 652 363 743 407; x_wconf 78' lang='lat' dir='ltr'><strong>sunt</strong></span> <span class='ocrx_word' id='word_1_15' title='bbox 769 369 810 407; x_wconf 92' lang='lat' dir='ltr'><strong>in</strong></span> <span class='ocrx_word' id='word_1_16' title='bbox 837 368 948 406; x_wconf 91' lang='lat' dir='ltr'><strong>initio</strong></span> <span class='ocrx_word' id='word_1_17' title='bbox 978 368 1158 407; x_wconf 83' lang='lat' dir='ltr'>carminis</span> <span class='ocrx_word' id='word_1_18' title='bbox 1186 365 1216 405; x_wconf 94' lang='lat' dir='ltr'><strong>I:</strong></span> <span class='ocrx_word' id='word_1_19' title='bbox 1241 369 1276 413; x_wconf 81' lang='lat'><strong>1,</strong></span> <span class='ocrx_word' id='word_1_20' title='bbox 1306 368 1492 406; x_wconf 77' lang='lat' dir='ltr'><strong>Moecenas</strong></span> <span class='ocrx_word' id='word_1_21' title='bbox 1515 372 1639 407; x_wconf 71' lang='lat' dir='ltr'><strong>atavis</strong></span> 
     </span>
     <span class='ocr_line' id='line_1_4' title="bbox 224 425 1640 486; baseline -0.001 -13"><span class='ocrx_word' id='word_1_22' title='bbox 224 436 383 486; x_wconf 75' lang='lat' dir='ltr'><strong>reqibus,</strong></span> <span class='ocrx_word' id='word_1_23' title='bbox 426 448 511 485; x_wconf 84' lang='lat' dir='ltr'><strong>quae</strong></span> <span class='ocrx_word' id='word_1_24' title='bbox 554 449 577 472; x_wconf 88' lang='lat' dir='ltr'><strong>a</strong></span> <span class='ocrx_word' id='word_1_25' title='bbox 618 434 748 472; x_wconf 87' lang='lat' dir='ltr'><strong>multis</strong></span> <span class='ocrx_word' id='word_1_26' title='bbox 781 433 913 483; x_wconf 88' lang='lat' dir='ltr'><strong>spuria</strong></span> <span class='ocrx_word' id='word_1_27' title='bbox 942 425 1025 470; x_wconf 85' lang='lat' dir='ltr'><strong>esse</strong></span> <span class='ocrx_word' id='word_1_28' title='bbox 1053 434 1238 481; x_wconf 90' lang='lat' dir='ltr'><strong>putantur</strong></span> <span class='ocrx_word' id='word_1_29' title='bbox 1260 432 1302 481; x_wconf 77' lang='lat'><strong>¹),</strong></span> <span class='ocrx_word' id='word_1_30' title='bbox 1359 431 1405 470; x_wconf 92' lang='lat' dir='ltr'><strong>In</strong></span> <span class='ocrx_word' id='word_1_31' title='bbox 1432 433 1543 479; x_wconf 88' lang='lat' dir='ltr'><strong>libro,</strong></span> <span class='ocrx_word' id='word_1_32' title='bbox 1573 434 1640 483; x_wconf 91' lang='lat' dir='ltr'><strong>qui</strong></span> 
     </span>
     <span class='ocr_line' id='line_1_5' title="bbox 224 488 1638 549; baseline -0.002 -11"><span class='ocrx_word' id='word_1_33' title='bbox 224 488 448 538; x_wconf 73' lang='lat' dir='ltr'><strong>inscribitur</strong></span> <span class='ocrx_word' id='word_1_34' title='bbox 477 496 827 549; x_wconf 86' lang='lat' dir='ltr'><strong>apocolocynthosis</strong></span> <span class='ocrx_word' id='word_1_35' title='bbox 856 496 999 546; x_wconf 86' lang='lat' dir='ltr'><strong>quique</strong></span> <span class='ocrx_word' id='word_1_36' title='bbox 1027 496 1162 546; x_wconf 88' lang='lat' dir='ltr'><strong>primis</strong></span> <span class='ocrx_word' id='word_1_37' title='bbox 1191 496 1356 534; x_wconf 90' lang='lat' dir='ltr'><strong>Neronis</strong></span> <span class='ocrx_word' id='word_1_38' title='bbox 1385 497 1539 547; x_wconf 88' lang='lat' dir='ltr'><strong>imperii</strong></span> <span class='ocrx_word' id='word_1_39' title='bbox 1568 511 1638 536; x_wconf 88' lang='lat' dir='ltr'><strong>an-</strong></span> 
     </span>
     <span class='ocr_line' id='line_1_6' title="bbox 224 560 1638 612; baseline -0.001 -11"><span class='ocrx_word' id='word_1_40' title='bbox 224 564 284 601; x_wconf 90' lang='lat' dir='ltr'><strong>nis</strong></span> <span class='ocrx_word' id='word_1_41' title='bbox 313 578 335 601; x_wconf 87' lang='lat' dir='ltr'><strong>a</strong></span> <span class='ocrx_word' id='word_1_42' title='bbox 362 564 507 602; x_wconf 85' lang='lat' dir='ltr'>Seneca</span> <span class='ocrx_word' id='word_1_43' title='bbox 535 562 701 612; x_wconf 89' lang='lat' dir='ltr'><strong>scriptus</strong></span> <span class='ocrx_word' id='word_1_44' title='bbox 731 573 813 598; x_wconf 85' lang='lat' dir='ltr'><strong>esse</strong></span> <span class='ocrx_word' id='word_1_45' title='bbox 841 560 996 598; x_wconf 85' lang='lat' dir='ltr'><strong>videtur</strong></span> <span class='ocrx_word' id='word_1_46' title='bbox 1024 563 1324 598; x_wconf 79' lang='lat' dir='ltr'><strong>commemorata</strong></span> <span class='ocrx_word' id='word_1_47' title='bbox 1349 563 1407 598; x_wconf 90' lang='lat' dir='ltr'><strong>est</strong></span> <span class='ocrx_word' id='word_1_48' title='bbox 1427 561 1485 599; x_wconf 90' lang='lat' dir='ltr'><strong>od.</strong></span> <span class='ocrx_word' id='word_1_49' title='bbox 1506 560 1556 599; x_wconf 89' lang='lat' dir='ltr'><strong>II:</strong></span> <span class='ocrx_word' id='word_1_50' title='bbox 1576 562 1638 607; x_wconf 85' lang='lat'><strong>13,</strong></span> 
     </span>
     <span class='ocr_line' id='line_1_7' title="bbox 224 613 1638 675; baseline -0.001 -10"><span class='ocrx_word' id='word_1_51' title='bbox 224 628 289 665; x_wconf 82' lang='lat' dir='ltr'><strong>ubi</strong></span> <span class='ocrx_word' id='word_1_52' title='bbox 315 628 455 666; x_wconf 81' lang='lat' dir='ltr'><strong>iacebat</strong></span> <span class='ocrx_word' id='word_1_53' title='bbox 484 627 675 673; x_wconf 78' lang='lat' dir='ltr'><strong>Cerberus,</strong></span> <span class='ocrx_word' id='word_1_54' title='bbox 717 625 771 662; x_wconf 78' lang='lat' dir='ltr'><strong>vel</strong></span> <span class='ocrx_word' id='word_1_55' title='bbox 804 628 847 661; x_wconf 80' lang='lat' dir='ltr'><strong>ut</strong></span> <span class='ocrx_word' id='word_1_56' title='bbox 878 625 935 660; x_wconf 77' lang='lat' dir='ltr'><strong>ait</strong></span> <span class='ocrx_word' id='word_1_57' title='bbox 961 613 1151 662; x_wconf 78' lang='lat' dir='ltr'><strong>Horatius</strong></span> <span class='ocrx_word' id='word_1_58' title='bbox 1179 625 1285 662; x_wconf 80' lang='lat' dir='ltr'><strong>belua</strong></span> <span class='ocrx_word' id='word_1_59' title='bbox 1312 626 1502 675; x_wconf 77' lang='lat' dir='ltr'><strong>centiceps.</strong></span> <span class='ocrx_word' id='word_1_60' title='bbox 1561 625 1638 663; x_wconf 84' lang='lat' dir='ltr'><strong>Hic</strong></span> 
     </span>
     <span class='ocr_line' id='line_1_8' title="bbox 225 687 1641 739; baseline -0.001 -11"><span class='ocrx_word' id='word_1_61' title='bbox 225 690 329 729; x_wconf 86' lang='lat' dir='ltr'><strong>locus</strong></span> <span class='ocrx_word' id='word_1_62' title='bbox 371 694 500 729; x_wconf 87' lang='lat' dir='ltr'><strong>autem</strong></span> <span class='ocrx_word' id='word_1_63' title='bbox 543 688 714 739; x_wconf 82' lang='lat' dir='ltr'><strong>Gruppio</strong></span> <span class='ocrx_word' id='word_1_64' title='bbox 759 690 797 726; x_wconf 89' lang='lat' dir='ltr'><strong>et</strong></span> <span class='ocrx_word' id='word_1_65' title='bbox 837 687 1033 726; x_wconf 87' lang='lat' dir='ltr'><strong>Ellendtio</strong></span> <span class='ocrx_word' id='word_1_66' title='bbox 1076 688 1330 738; x_wconf 89' lang='lat' dir='ltr'><strong>interpolatus</strong></span> <span class='ocrx_word' id='word_1_67' title='bbox 1365 703 1447 727; x_wconf 90' lang='lat' dir='ltr'><strong>esse</strong></span> <span class='ocrx_word' id='word_1_68' title='bbox 1475 690 1641 735; x_wconf 86' lang='lat' dir='ltr'><strong>videtur,</strong></span> 
     </span>
    </p>
   </div>
   <div class='ocr_carea' id='block_1_3' title="bbox 169 752 1640 803">
    <p class='ocr_par' dir='ltr' id='par_1_3' title="bbox 169 752 1640 803">
     <span class='ocr_line' id='line_1_9' title="bbox 169 752 1640 803; baseline -0.002 -10"><span class='ocrx_word' id='word_1_69' title='bbox 169 795 171 799; x_wconf 67' lang='grc'><strong>,</strong></span> <span class='ocrx_word' id='word_1_70' title='bbox 227 757 299 793; x_wconf 89' lang='lat' dir='ltr'><strong>etc.</strong></span> <span class='ocrx_word' id='word_1_71' title='bbox 354 754 440 792; x_wconf 87' lang='lat' dir='ltr'><strong>Tali</strong></span> <span class='ocrx_word' id='word_1_72' title='bbox 481 754 590 791; x_wconf 92' lang='lat' dir='ltr'><strong>modo</strong></span> <span class='ocrx_word' id='word_1_73' title='bbox 624 752 950 802; x_wconf 74' lang='lat' dir='ltr'><strong>interpolationes,</strong></span> <span class='ocrx_word' id='word_1_74' title='bbox 994 766 1079 802; x_wconf 85' lang='lat' dir='ltr'><strong>quae</strong></span> <span class='ocrx_word' id='word_1_75' title='bbox 1108 753 1297 797; x_wconf 88' lang='lat' dir='ltr'><strong>feruntur,</strong></span> <span class='ocrx_word' id='word_1_76' title='bbox 1327 754 1502 803; x_wconf 87' lang='lat' dir='ltr'><strong>vestigiis</strong></span> <span class='ocrx_word' id='word_1_77' title='bbox 1531 754 1640 803; x_wconf 85' lang='lat' dir='ltr'><strong>sequi</strong></span> 
     </span>
    </p>
   </div>
   <div class='ocr_carea' id='block_1_4' title="bbox 218 816 1642 2087">
    <p class='ocr_par' dir='ltr' id='par_1_4' title="bbox 218 816 1642 1892">
     <span class='ocr_line' id='line_1_10' title="bbox 225 816 1640 868; baseline -0.001 -12"><span class='ocrx_word' id='word_1_78' title='bbox 225 831 437 868; x_wconf 82' lang='lat' dir='ltr'><strong>possumus,</strong></span> <span class='ocrx_word' id='word_1_79' title='bbox 481 818 598 855; x_wconf 89' lang='lat' dir='ltr'><strong>donec</strong></span> <span class='ocrx_word' id='word_1_80' title='bbox 646 816 762 862; x_wconf 87' lang='lat' dir='ltr'><strong>„adeo</strong></span> <span class='ocrx_word' id='word_1_81' title='bbox 799 816 958 866; x_wconf 89' lang='lat' dir='ltr'><strong>antiqua</strong></span> <span class='ocrx_word' id='word_1_82' title='bbox 994 817 1101 862; x_wconf 82' lang='lat' dir='ltr'><strong>fiant,</strong></span> <span class='ocrx_word' id='word_1_83' title='bbox 1131 819 1174 854; x_wconf 92' lang='lat' dir='ltr'><strong>ut</strong></span> <span class='ocrx_word' id='word_1_84' title='bbox 1203 818 1250 854; x_wconf 88' lang='lat' dir='ltr'><strong>ad</strong></span> <span class='ocrx_word' id='word_1_85' title='bbox 1279 817 1406 866; x_wconf 90' lang='lat' dir='ltr'><strong>ipsum</strong></span> <span class='ocrx_word' id='word_1_86' title='bbox 1434 817 1640 855; x_wconf 86' lang='lat' dir='ltr'><strong>Horatium</strong></span> 
     </span>
     <span class='ocr_line' id='line_1_11' title="bbox 218 880 1639 931; baseline -0.001 -11"><span class='ocrx_word' id='word_1_87' title='bbox 218 884 421 920; x_wconf 81' lang='lat' dir='ltr'><strong>&#39;auctorem</strong></span> <span class='ocrx_word' id='word_1_88' title='bbox 462 881 690 919; x_wconf 86' lang='lat' dir='ltr'><strong>ascendant“</strong></span> <span class='ocrx_word' id='word_1_89' title='bbox 716 880 760 929; x_wconf 82' lang='grc'><strong>2).</strong></span> <span class='ocrx_word' id='word_1_90' title='bbox 817 880 948 917; x_wconf 85' lang='lat' dir='ltr'><strong>Etiam</strong></span> <span class='ocrx_word' id='word_1_91' title='bbox 990 880 1075 918; x_wconf 87' lang='lat' dir='ltr'><strong>aliae</strong></span> <span class='ocrx_word' id='word_1_92' title='bbox 1117 894 1178 918; x_wconf 88' lang='lat' dir='ltr'><strong>res</strong></span> <span class='ocrx_word' id='word_1_93' title='bbox 1220 883 1309 918; x_wconf 88' lang='lat' dir='ltr'><strong>sunt</strong></span> <span class='ocrx_word' id='word_1_94' title='bbox 1344 884 1456 931; x_wconf 87' lang='lat' dir='ltr'><strong>aptae,</strong></span> <span class='ocrx_word' id='word_1_95' title='bbox 1500 881 1639 931; x_wconf 88' lang='lat' dir='ltr'><strong>quibus</strong></span> 
     </span>
     <span class='ocr_line' id='line_1_12' title="bbox 226 938 1640 994; baseline -0.001 -11"><span class='ocrx_word' id='word_1_96' title='bbox 226 946 345 983; x_wconf 87' lang='lat' dir='ltr'><strong>nimia</strong></span> <span class='ocrx_word' id='word_1_97' title='bbox 379 944 693 994; x_wconf 81' lang='lat' dir='ltr'><strong>interpolationes</strong></span> <span class='ocrx_word' id='word_1_98' title='bbox 722 944 917 982; x_wconf 87' lang='lat' dir='ltr'><strong>statuendi</strong></span> <span class='ocrx_word' id='word_1_99' title='bbox 944 944 1063 982; x_wconf 87' lang='lat' dir='ltr'><strong>libido</strong></span> <span class='ocrx_word' id='word_1_100' title='bbox 1093 938 1351 983; x_wconf 83' lang='lat' dir='ltr'><strong>coherceatur.</strong></span> <span class='ocrx_word' id='word_1_101' title='bbox 1407 944 1552 982; x_wconf 88' lang='lat' dir='ltr'><strong>Notum</strong></span> <span class='ocrx_word' id='word_1_102' title='bbox 1582 948 1640 983; x_wconf 89' lang='lat' dir='ltr'><strong>est</strong></span> 
     </span>
     <span class='ocr_line' id='line_1_13' title="bbox 227 1008 1640 1059; baseline 0 -12"><span class='ocrx_word' id='word_1_103' title='bbox 227 1011 477 1059; x_wconf 81' lang='lat' dir='ltr'><strong>systematum</strong></span> <span class='ocrx_word' id='word_1_104' title='bbox 520 1008 716 1057; x_wconf 84' lang='lat' dir='ltr'><strong>quaternis</strong></span> <span class='ocrx_word' id='word_1_105' title='bbox 750 1008 923 1046; x_wconf 86' lang='lat' dir='ltr'><strong>versibus</strong></span> <span class='ocrx_word' id='word_1_106' title='bbox 959 1009 1214 1047; x_wconf 86' lang='lat' dir='ltr'><strong>constantium</strong></span> <span class='ocrx_word' id='word_1_107' title='bbox 1241 1012 1383 1059; x_wconf 88' lang='lat' dir='ltr'><strong>praeter</strong></span> <span class='ocrx_word' id='word_1_108' title='bbox 1411 1009 1640 1059; x_wconf 83' lang='lat' dir='ltr'><strong>sapphicum</strong></span> 
     </span>
     <span class='ocr_line' id='line_1_14' title="bbox 229 1073 1639 1123; baseline 0.001 -12"><span class='ocrx_word' id='word_1_109' title='bbox 229 1075 279 1122; x_wconf 16' lang='lat' dir='ltr'><strong>et*</strong></span> <span class='ocrx_word' id='word_1_110' title='bbox 309 1073 495 1112; x_wconf 82' lang='lat' dir='ltr'><strong>alcaicum</strong></span> <span class='ocrx_word' id='word_1_111' title='bbox 537 1075 575 1111; x_wconf 90' lang='lat' dir='ltr'><strong>et</strong></span> <span class='ocrx_word' id='word_1_112' title='bbox 617 1073 794 1122; x_wconf 87' lang='lat' dir='ltr'><strong>quaedam</strong></span> <span class='ocrx_word' id='word_1_113' title='bbox 836 1073 1077 1123; x_wconf 88' lang='lat' dir='ltr'><strong>asclepiadea</strong></span> <span class='ocrx_word' id='word_1_114' title='bbox 1105 1073 1251 1111; x_wconf 90' lang='lat' dir='ltr'><strong>nullam</strong></span> <span class='ocrx_word' id='word_1_115' title='bbox 1279 1074 1429 1112; x_wconf 92' lang='lat' dir='ltr'><strong>omnino</strong></span> <span class='ocrx_word' id='word_1_116' title='bbox 1458 1074 1639 1112; x_wconf 86' lang='lat' dir='ltr'><strong>habuisse</strong></span> 
     </span>
     <span class='ocr_line' id='line_1_15' title="bbox 226 1137 1634 1187; baseline 0 -12"><span class='ocrx_word' id='word_1_117' title='bbox 226 1138 404 1176; x_wconf 89' lang='lat' dir='ltr'><strong>notitiam</strong></span> <span class='ocrx_word' id='word_1_118' title='bbox 430 1140 580 1175; x_wconf 83' lang='lat' dir='ltr'><strong>veteres</strong></span> <span class='ocrx_word' id='word_1_119' title='bbox 609 1138 891 1187; x_wconf 88' lang='lat' dir='ltr'><strong>grammaticos.</strong></span> <span class='ocrx_word' id='word_1_120' title='bbox 935 1137 1077 1175; x_wconf 87' lang='lat' dir='ltr'><strong>Nostra</strong></span> <span class='ocrx_word' id='word_1_121' title='bbox 1106 1138 1259 1175; x_wconf 89' lang='lat' dir='ltr'><strong>demum</strong></span> <span class='ocrx_word' id='word_1_122' title='bbox 1284 1141 1398 1176; x_wconf 88' lang='lat' dir='ltr'><strong>aetate</strong></span> <span class='ocrx_word' id='word_1_123' title='bbox 1418 1138 1634 1176; x_wconf 76' lang='lat' dir='ltr'><strong>Meinekius</strong></span> 
     </span>
     <span class='ocr_line' id='line_1_16' title="bbox 229 1201 1639 1251; baseline 0.001 -13"><span class='ocrx_word' id='word_1_124' title='bbox 229 1203 267 1238; x_wconf 83' lang='lat' dir='ltr'><strong>et</strong></span> <span class='ocrx_word' id='word_1_125' title='bbox 294 1201 453 1239; x_wconf 89' lang='lat' dir='ltr'><strong>Lachm.</strong></span> <span class='ocrx_word' id='word_1_126' title='bbox 482 1201 600 1251; x_wconf 89' lang='lat' dir='ltr'><strong>primi</strong></span> <span class='ocrx_word' id='word_1_127' title='bbox 628 1201 818 1247; x_wconf 84' lang='lat' dir='ltr'><strong>viderunt,</strong></span> <span class='ocrx_word' id='word_1_128' title='bbox 848 1201 988 1239; x_wconf 87' lang='lat' dir='ltr'><strong>Horati</strong></span> <span class='ocrx_word' id='word_1_129' title='bbox 1017 1202 1187 1240; x_wconf 86' lang='lat' dir='ltr'><strong>carmina</strong></span> <span class='ocrx_word' id='word_1_130' title='bbox 1216 1202 1399 1251; x_wconf 87' lang='lat' dir='ltr'><strong>pleraque</strong></span> <span class='ocrx_word' id='word_1_131' title='bbox 1430 1202 1554 1240; x_wconf 87' lang='lat' dir='ltr'><strong>onmia</strong></span> <span class='ocrx_word' id='word_1_132' title='bbox 1583 1203 1639 1239; x_wconf 79' lang='lat' dir='ltr'><strong>ita</strong></span> 
     </span>
     <span class='ocr_line' id='line_1_17' title="bbox 229 1264 1639 1315; baseline 0.001 -13"><span class='ocrx_word' id='word_1_133' title='bbox 229 1264 494 1303; x_wconf 89' lang='lat' dir='ltr'><strong>distribuenda</strong></span> <span class='ocrx_word' id='word_1_134' title='bbox 524 1278 617 1303; x_wconf 90' lang='lat' dir='ltr'><strong>esse.</strong></span> <span class='ocrx_word' id='word_1_135' title='bbox 660 1265 830 1303; x_wconf 90' lang='lat' dir='ltr'><strong>Peerlc:0</strong></span> <span class='ocrx_word' id='word_1_136' title='bbox 861 1267 990 1303; x_wconf 90' lang='lat' dir='ltr'><strong>autem</strong></span> <span class='ocrx_word' id='word_1_137' title='bbox 1017 1265 1089 1303; x_wconf 93' lang='lat' dir='ltr'><strong>hoc</strong></span> <span class='ocrx_word' id='word_1_138' title='bbox 1108 1265 1283 1315; x_wconf 87' lang='lat' dir='ltr'><strong>ignotum</strong></span> <span class='ocrx_word' id='word_1_139' title='bbox 1304 1268 1397 1311; x_wconf 74' lang='lat' dir='ltr'><strong>erat,</strong></span> <span class='ocrx_word' id='word_1_140' title='bbox 1429 1269 1466 1303; x_wconf 91' lang='lat' dir='ltr'><strong>et</strong></span> <span class='ocrx_word' id='word_1_141' title='bbox 1487 1267 1532 1304; x_wconf 92' lang='lat' dir='ltr'><strong>ob</strong></span> <span class='ocrx_word' id='word_1_142' title='bbox 1554 1280 1639 1304; x_wconf 84' lang='lat' dir='ltr'><strong>eam</strong></span> 
     </span>
     <span class='ocr_line' id='line_1_18' title="bbox 227 1328 1636 1379; baseline 0.001 -13"><span class='ocrx_word' id='word_1_143' title='bbox 227 1328 346 1366; x_wconf 89' lang='lat' dir='ltr'><strong>solam</strong></span> <span class='ocrx_word' id='word_1_144' title='bbox 379 1342 461 1367; x_wconf 90' lang='lat' dir='ltr'><strong>rem</strong></span> <span class='ocrx_word' id='word_1_145' title='bbox 495 1329 688 1367; x_wconf 87' lang='lat' dir='ltr'><strong>atheteses</strong></span> <span class='ocrx_word' id='word_1_146' title='bbox 716 1329 820 1367; x_wconf 89' lang='lat' dir='ltr'><strong>haud</strong></span> <span class='ocrx_word' id='word_1_147' title='bbox 847 1343 981 1379; x_wconf 86' lang='lat' dir='ltr'><strong>paucae</strong></span> <span class='ocrx_word' id='word_1_148' title='bbox 1011 1330 1059 1367; x_wconf 88' lang='lat' dir='ltr'><strong>ab</strong></span> <span class='ocrx_word' id='word_1_149' title='bbox 1089 1343 1131 1368; x_wconf 91' lang='lat' dir='ltr'><strong>eo</strong></span> <span class='ocrx_word' id='word_1_150' title='bbox 1160 1330 1273 1368; x_wconf 73' lang='lat' dir='ltr'><strong>factae</strong></span> <span class='ocrx_word' id='word_1_151' title='bbox 1302 1330 1506 1368; x_wconf 88' lang='lat' dir='ltr'><strong>reiciendae</strong></span> <span class='ocrx_word' id='word_1_152' title='bbox 1535 1333 1636 1368; x_wconf 91' lang='lat' dir='ltr'><strong>sunt.</strong></span> 
     </span>
     <span class='ocr_line' id='line_1_19' title="bbox 228 1392 1639 1443; baseline 0.001 -13"><span class='ocrx_word' id='word_1_153' title='bbox 228 1392 315 1431; x_wconf 91' lang='lat' dir='ltr'><strong>Huc</strong></span> <span class='ocrx_word' id='word_1_154' title='bbox 358 1394 517 1440; x_wconf 77' lang='lat' dir='ltr'><strong>accedit,</strong></span> <span class='ocrx_word' id='word_1_155' title='bbox 561 1394 660 1443; x_wconf 88' lang='lat' dir='ltr'><strong>quod</strong></span> <span class='ocrx_word' id='word_1_156' title='bbox 696 1394 813 1432; x_wconf 91' lang='lat' dir='ltr'><strong>etiam</strong></span> <span class='ocrx_word' id='word_1_157' title='bbox 841 1394 1117 1432; x_wconf 86' lang='lat' dir='ltr'><strong>recentioribus</strong></span> <span class='ocrx_word' id='word_1_158' title='bbox 1145 1394 1380 1443; x_wconf 87' lang='lat' dir='ltr'><strong>temporibus</strong></span> <span class='ocrx_word' id='word_1_159' title='bbox 1409 1395 1448 1431; x_wconf 91' lang='lat' dir='ltr'><strong>in</strong></span> <span class='ocrx_word' id='word_1_160' title='bbox 1478 1394 1639 1432; x_wconf 85' lang='lat' dir='ltr'><strong>diversis</strong></span> 
     </span>
     <span class='ocr_line' id='line_1_20' title="bbox 228 1456 1638 1508; baseline 0.001 -14"><span class='ocrx_word' id='word_1_161' title='bbox 228 1456 366 1495; x_wconf 88' lang='lat' dir='ltr'><strong>Horati</strong></span> <span class='ocrx_word' id='word_1_162' title='bbox 407 1457 517 1495; x_wconf 89' lang='lat' dir='ltr'><strong>libris</strong></span> <span class='ocrx_word' id='word_1_163' title='bbox 534 1458 724 1508; x_wconf 67' lang='lat' dir='ltr'><strong>⁴insignes</strong></span> <span class='ocrx_word' id='word_1_164' title='bbox 757 1458 927 1496; x_wconf 78' lang='lat' dir='ltr'><strong>metricae</strong></span> <span class='ocrx_word' id='word_1_165' title='bbox 958 1457 1285 1496; x_wconf 84' lang='lat' dir='ltr'><strong>dissimilitudines</strong></span> <span class='ocrx_word' id='word_1_166' title='bbox 1314 1458 1507 1508; x_wconf 84' lang='lat' dir='ltr'><strong>indagatae</strong></span> <span class='ocrx_word' id='word_1_167' title='bbox 1536 1461 1638 1504; x_wconf 88' lang='lat' dir='ltr'><strong>sunt,</strong></span> 
     </span>
     <span class='ocr_line' id='line_1_21' title="bbox 229 1521 1638 1572; baseline 0.001 -14"><span class='ocrx_word' id='word_1_168' title='bbox 229 1521 275 1559; x_wconf 90' lang='lat' dir='ltr'><strong>de</strong></span> <span class='ocrx_word' id='word_1_169' title='bbox 317 1521 456 1570; x_wconf 88' lang='lat' dir='ltr'><strong>quibus</strong></span> <span class='ocrx_word' id='word_1_170' title='bbox 500 1522 616 1560; x_wconf 89' lang='lat' dir='ltr'><strong>etiam</strong></span> <span class='ocrx_word' id='word_1_171' title='bbox 649 1522 894 1572; x_wconf 85' lang='lat' dir='ltr'><strong>grammatici</strong></span> <span class='ocrx_word' id='word_1_172' title='bbox 926 1522 1023 1560; x_wconf 85' lang='lat' dir='ltr'><strong>nihil</strong></span> <span class='ocrx_word' id='word_1_173' title='bbox 1052 1525 1287 1572; x_wconf 89' lang='lat' dir='ltr'><strong>compertum</strong></span> <span class='ocrx_word' id='word_1_174' title='bbox 1314 1522 1523 1568; x_wconf 80' lang='lat' dir='ltr'><strong>habebant,</strong></span> <span class='ocrx_word' id='word_1_175' title='bbox 1553 1536 1638 1572; x_wconf 84' lang='lat' dir='ltr'><strong>quae</strong></span> 
     </span>
     <span class='ocr_line' id='line_1_22' title="bbox 228 1586 1640 1636; baseline 0.001 -13"><span class='ocrx_word' id='word_1_176' title='bbox 228 1587 358 1623; x_wconf 90' lang='lat' dir='ltr'><strong>tamen</strong></span> <span class='ocrx_word' id='word_1_177' title='bbox 391 1586 431 1623; x_wconf 95' lang='lat' dir='ltr'><strong>in</strong></span> <span class='ocrx_word' id='word_1_178' title='bbox 467 1587 533 1632; x_wconf 86' lang='lat' dir='ltr'><strong>eis,</strong></span> <span class='ocrx_word' id='word_1_179' title='bbox 576 1600 661 1636; x_wconf 88' lang='lat' dir='ltr'><strong>quae</strong></span> <span class='ocrx_word' id='word_1_180' title='bbox 690 1586 786 1624; x_wconf 88' lang='lat' dir='ltr'><strong>falso</strong></span> <span class='ocrx_word' id='word_1_181' title='bbox 815 1587 959 1624; x_wconf 86' lang='lat' dir='ltr'><strong>inserta</strong></span> <span class='ocrx_word' id='word_1_182' title='bbox 988 1600 1069 1624; x_wconf 89' lang='lat' dir='ltr'><strong>esse</strong></span> <span class='ocrx_word' id='word_1_183' title='bbox 1099 1586 1288 1632; x_wconf 88' lang='lat' dir='ltr'><strong>dicuntur,</strong></span> <span class='ocrx_word' id='word_1_184' title='bbox 1320 1589 1358 1624; x_wconf 92' lang='lat' dir='ltr'><strong>et</strong></span> <span class='ocrx_word' id='word_1_185' title='bbox 1386 1587 1426 1624; x_wconf 90' lang='lat' dir='ltr'><strong>in</strong></span> <span class='ocrx_word' id='word_1_186' title='bbox 1455 1587 1522 1632; x_wconf 83' lang='lat' dir='ltr'><strong>eis,</strong></span> <span class='ocrx_word' id='word_1_187' title='bbox 1553 1600 1640 1636; x_wconf 83' lang='lat' dir='ltr'><strong>quae</strong></span> 
     </span>
     <span class='ocr_line' id='line_1_23' title="bbox 230 1651 1640 1703; baseline 0 -15"><span class='ocrx_word' id='word_1_188' title='bbox 230 1663 357 1688; x_wconf 88' lang='lat' dir='ltr'><strong>omnes</strong></span> <span class='ocrx_word' id='word_1_189' title='bbox 399 1664 583 1701; x_wconf 85' lang='lat' dir='ltr'><strong>germana</strong></span> <span class='ocrx_word' id='word_1_190' title='bbox 626 1664 707 1688; x_wconf 90' lang='lat' dir='ltr'><strong>esse</strong></span> <span class='ocrx_word' id='word_1_191' title='bbox 736 1653 885 1700; x_wconf 89' lang='lat' dir='ltr'><strong>putant,</strong></span> <span class='ocrx_word' id='word_1_192' title='bbox 901 1701 904 1703; x_wconf 31' lang='grc'>-</span> <span class='ocrx_word' id='word_1_193' title='bbox 921 1664 1029 1699; x_wconf 86' lang='lat' dir='ltr'><strong>aeque</strong></span> <span class='ocrx_word' id='word_1_194' title='bbox 1057 1651 1315 1688; x_wconf 85' lang='lat' dir='ltr'><strong>inveniuntur.</strong></span> <span class='ocrx_word' id='word_1_195' title='bbox 1373 1651 1454 1695; x_wconf 83' lang='lat' dir='ltr'><strong>Quo</strong></span> <span class='ocrx_word' id='word_1_196' title='bbox 1483 1651 1640 1688; x_wconf 87' lang='lat' dir='ltr'><strong>tandem</strong></span> 
     </span>
     <span class='ocr_line' id='line_1_24' title="bbox 230 1713 1641 1765; baseline 0.001 -14"><span class='ocrx_word' id='word_1_197' title='bbox 230 1727 320 1751; x_wconf 88' lang='lat' dir='ltr'><strong>casu</strong></span> <span class='ocrx_word' id='word_1_198' title='bbox 361 1714 652 1764; x_wconf 81' lang='lat' dir='ltr'><strong>interpolatores</strong></span> <span class='ocrx_word' id='word_1_199' title='bbox 695 1713 790 1764; x_wconf 79' lang='lat' dir='ltr'><strong>(qui,</strong></span> <span class='ocrx_word' id='word_1_200' title='bbox 822 1716 866 1751; x_wconf 91' lang='lat' dir='ltr'><strong>ut</strong></span> <span class='ocrx_word' id='word_1_201' title='bbox 894 1727 1011 1764; x_wconf 88' lang='lat' dir='ltr'><strong>supra</strong></span> <span class='ocrx_word' id='word_1_202' title='bbox 1045 1714 1219 1759; x_wconf 85' lang='lat' dir='ltr'><strong>diximus,</strong></span> <span class='ocrx_word' id='word_1_203' title='bbox 1248 1714 1493 1765; x_wconf 85' lang='lat' dir='ltr'><strong>grammatici</strong></span> <span class='ocrx_word' id='word_1_204' title='bbox 1521 1715 1641 1753; x_wconf 85' lang='lat' dir='ltr'><strong>fuisse</strong></span> 
     </span>
     <span class='ocr_line' id='line_1_25' title="bbox 230 1779 1642 1829; baseline 0.001 -13"><span class='ocrx_word' id='word_1_205' title='bbox 230 1779 452 1828; x_wconf 86' lang='lat' dir='ltr'><strong>creduntur)</strong></span> <span class='ocrx_word' id='word_1_206' title='bbox 480 1779 673 1818; x_wconf 68' lang='lat' dir='ltr'><strong>metricas</strong></span> <span class='ocrx_word' id='word_1_207' title='bbox 688 1793 749 1817; x_wconf 89' lang='lat' dir='ltr'><strong>res</strong></span> <span class='ocrx_word' id='word_1_208' title='bbox 778 1780 1041 1825; x_wconf 86' lang='lat' dir='ltr'><strong>observarunt,</strong></span> <span class='ocrx_word' id='word_1_209' title='bbox 1072 1792 1235 1828; x_wconf 88' lang='lat' dir='ltr'><strong>quarum</strong></span> <span class='ocrx_word' id='word_1_210' title='bbox 1259 1779 1336 1829; x_wconf 90' lang='lat' dir='ltr'><strong>ipsi</strong></span> <span class='ocrx_word' id='word_1_211' title='bbox 1354 1793 1509 1828; x_wconf 89' lang='lat' dir='ltr'><strong>prorsus</strong></span> <span class='ocrx_word' id='word_1_212' title='bbox 1530 1782 1642 1817; x_wconf 89' lang='lat' dir='ltr'><strong>erant</strong></span> 
     </span>
     <span class='ocr_line' id='line_1_26' title="bbox 229 1838 479 1892; baseline 0.008 -14"><span class='ocrx_word' id='word_1_213' title='bbox 229 1842 381 1892; x_wconf 75' lang='lat' dir='ltr'><strong>ignari?</strong></span> <span class='ocrx_word' id='word_1_214' title='bbox 400 1844 433 1891; x_wconf 78' lang='lat'><strong>3)</strong></span> <span class='ocrx_word' id='word_1_215' title='bbox 471 1838 479 1844; x_wconf 53' lang='lat'>⁵</span> 
     </span>
    </p>

    <p class='ocr_par' dir='ltr' id='par_1_5' title="bbox 229 1907 1642 2087">
     <span class='ocr_line' id='line_1_27' title="bbox 357 1907 1640 1957; baseline 0 -12"><span class='ocrx_word' id='word_1_216' title='bbox 357 1907 430 1945; x_wconf 93' lang='lat' dir='ltr'><strong>His</strong></span> <span class='ocrx_word' id='word_1_217' title='bbox 473 1910 510 1946; x_wconf 88' lang='lat' dir='ltr'><strong>et</strong></span> <span class='ocrx_word' id='word_1_218' title='bbox 553 1907 637 1945; x_wconf 85' lang='lat' dir='ltr'><strong>aliis</strong></span> <span class='ocrx_word' id='word_1_219' title='bbox 670 1907 783 1945; x_wconf 90' lang='lat' dir='ltr'><strong>rebus</strong></span> <span class='ocrx_word' id='word_1_220' title='bbox 811 1907 1130 1957; x_wconf 89' lang='lat' dir='ltr'><strong>prudentissimus</strong></span> <span class='ocrx_word' id='word_1_221' title='bbox 1159 1907 1321 1957; x_wconf 90' lang='lat' dir='ltr'><strong>quisque</strong></span> <span class='ocrx_word' id='word_1_222' title='bbox 1350 1907 1566 1954; x_wconf 82' lang='lat' dir='ltr'><strong>adducitur,</strong></span> <span class='ocrx_word' id='word_1_223' title='bbox 1595 1910 1640 1945; x_wconf 89' lang='lat' dir='ltr'><strong>ut</strong></span> 
     </span>
     <span class='ocr_line' id='line_1_28' title="bbox 229 1970 1641 2021; baseline 0.001 -14"><span class='ocrx_word' id='word_1_224' title='bbox 229 1970 432 2021; x_wconf 84' lang='lat' dir='ltr'><strong>intellegat</strong></span> <span class='ocrx_word' id='word_1_225' title='bbox 466 1972 790 2021; x_wconf 81' lang='lat' dir='ltr'><strong>interpolationes,</strong></span> <span class='ocrx_word' id='word_1_226' title='bbox 834 1985 919 2020; x_wconf 87' lang='lat' dir='ltr'><strong>quae</strong></span> <span class='ocrx_word' id='word_1_227' title='bbox 949 1972 1105 2020; x_wconf 89' lang='lat' dir='ltr'><strong>quidem</strong></span> <span class='ocrx_word' id='word_1_228' title='bbox 1133 1971 1248 2008; x_wconf 84' lang='lat' dir='ltr'><strong>salvae</strong></span> <span class='ocrx_word' id='word_1_229' title='bbox 1278 1972 1326 2008; x_wconf 93' lang='lat' dir='ltr'><strong>ad</strong></span> <span class='ocrx_word' id='word_1_230' title='bbox 1353 1974 1524 2009; x_wconf 86' lang='lat' dir='ltr'><strong>nostram</strong></span> <span class='ocrx_word' id='word_1_231' title='bbox 1551 1985 1641 2021; x_wconf 88' lang='lat' dir='ltr'><strong>per-</strong></span> 
     </span>
     <span class='ocr_line' id='line_1_29' title="bbox 230 2035 1642 2087; baseline 0.001 -14"><span class='ocrx_word' id='word_1_232' title='bbox 230 2036 406 2074; x_wconf 86' lang='lat' dir='ltr'><strong>venerint</strong></span> <span class='ocrx_word' id='word_1_233' title='bbox 435 2039 601 2083; x_wconf 86' lang='lat' dir='ltr'><strong>aetatem,</strong></span> <span class='ocrx_word' id='word_1_234' title='bbox 629 2036 878 2087; x_wconf 85' lang='lat' dir='ltr'><strong>paucissimas</strong></span> <span class='ocrx_word' id='word_1_235' title='bbox 908 2049 1001 2074; x_wconf 90' lang='lat' dir='ltr'><strong>esse.</strong></span> <span class='ocrx_word' id='word_1_236' title='bbox 1059 2035 1100 2074; x_wconf 84' lang='lat' dir='ltr'><strong>Si</strong></span> <span class='ocrx_word' id='word_1_237' title='bbox 1120 2036 1272 2086; x_wconf 86' lang='lat' dir='ltr'><strong>quando</strong></span> <span class='ocrx_word' id='word_1_238' title='bbox 1291 2036 1484 2087; x_wconf 89' lang='lat' dir='ltr'><strong>profusius</strong></span> <span class='ocrx_word' id='word_1_239' title='bbox 1504 2036 1642 2075; x_wconf 86' lang='lat' dir='ltr'><strong>extite-</strong></span> 
     </span>
    </p>
   </div>
   <div class='ocr_carea' id='block_1_5' title="bbox 169 2100 1642 2150">
    <p class='ocr_par' dir='ltr' id='par_1_6' title="bbox 169 2100 1642 2150">
     <span class='ocr_line' id='line_1_30' title="bbox 169 2100 1642 2150; baseline 0 -13"><span class='ocrx_word' id='word_1_240' title='bbox 169 2139 173 2142; x_wconf 69' lang='grc'><em>,</em></span> <span class='ocrx_word' id='word_1_241' title='bbox 229 2103 331 2145; x_wconf 83' lang='lat' dir='ltr'><strong>runt,</strong></span> <span class='ocrx_word' id='word_1_242' title='bbox 360 2101 469 2139; x_wconf 91' lang='lat' dir='ltr'><strong>initio</strong></span> <span class='ocrx_word' id='word_1_243' title='bbox 498 2101 660 2150; x_wconf 77' lang='lat' dir='ltr'><strong>repulsae</strong></span> <span class='ocrx_word' id='word_1_244' title='bbox 689 2101 777 2145; x_wconf 86' lang='lat' dir='ltr'><strong>sint,</strong></span> <span class='ocrx_word' id='word_1_245' title='bbox 806 2113 960 2137; x_wconf 89' lang='lat' dir='ltr'><strong>necesse</strong></span> <span class='ocrx_word' id='word_1_246' title='bbox 990 2103 1060 2137; x_wconf 89' lang='lat' dir='ltr'><strong>est.</strong></span> <span class='ocrx_word' id='word_1_247' title='bbox 1117 2100 1200 2137; x_wconf 89' lang='lat' dir='ltr'><strong>Iam</strong></span> <span class='ocrx_word' id='word_1_248' title='bbox 1230 2103 1358 2137; x_wconf 88' lang='lat' dir='ltr'><strong>autem</strong></span> <span class='ocrx_word' id='word_1_249' title='bbox 1384 2101 1533 2149; x_wconf 84' lang='lat' dir='ltr'><strong>antiqui</strong></span> <span class='ocrx_word' id='word_1_250' title='bbox 1552 2101 1642 2137; x_wconf 86' lang='lat' dir='ltr'><strong>dili-</strong></span> 
     </span>
    </p>
   </div>
   <div class='ocr_carea' id='block_1_6' title="bbox 0 2077 27 2856">
    <p class='ocr_par' dir='ltr' id='par_1_7' title="bbox 0 2077 27 2856">
     <span class='ocr_line' id='line_1_31' title="bbox 0 2077 27 2856; baseline 0 0"><span class='ocrx_word' id='word_1_251' title='bbox 0 2077 27 2856; x_wconf 95' lang='lat' dir='ltr'><strong> </strong></span> 
     </span>
    </p>
   </div>
   <div class='ocr_carea' id='block_1_7' title="bbox 231 2163 1641 2214">
    <p class='ocr_par' dir='ltr' id='par_1_8' title="bbox 231 2163 1641 2214">
     <span class='ocr_line' id='line_1_32' title="bbox 231 2163 1641 2214; baseline 0 -13"><span class='ocrx_word' id='word_1_252' title='bbox 231 2167 367 2214; x_wconf 86' lang='lat' dir='ltr'><strong>genter</strong></span> <span class='ocrx_word' id='word_1_253' title='bbox 409 2165 567 2211; x_wconf 85' lang='lat' dir='ltr'><strong>cavisse,</strong></span> <span class='ocrx_word' id='word_1_254' title='bbox 610 2178 657 2202; x_wconf 92' lang='lat' dir='ltr'><strong>ne</strong></span> <span class='ocrx_word' id='word_1_255' title='bbox 692 2164 917 2213; x_wconf 83' lang='lat' dir='ltr'><strong>irreperent,</strong></span> <span class='ocrx_word' id='word_1_256' title='bbox 955 2166 993 2201; x_wconf 89' lang='lat' dir='ltr'><strong>et</strong></span> <span class='ocrx_word' id='word_1_257' title='bbox 1023 2177 1042 2201; x_wconf 91' lang='lat' dir='ltr'><strong>e</strong></span> <span class='ocrx_word' id='word_1_258' title='bbox 1071 2163 1229 2202; x_wconf 83' lang='lat' dir='ltr'><strong>Suetoni</strong></span> <span class='ocrx_word' id='word_1_259' title='bbox 1257 2164 1384 2202; x_wconf 86' lang='lat' dir='ltr'><strong>verbis</strong></span> <span class='ocrx_word' id='word_1_260' title='bbox 1414 2177 1641 2202; x_wconf 88' lang='lat' dir='ltr'><strong>commemo-</strong></span> 
     </span>
    </p>
   </div>
   <div class='ocr_carea' id='block_1_8' title="bbox 320 2343 1641 2546">
    <p class='ocr_par' dir='ltr' id='par_1_9' title="bbox 320 2343 1641 2546">
     <span class='ocr_line' id='line_1_33' title="bbox 321 2343 1358 2383; baseline -0.001 -7"><span class='ocrx_word' id='word_1_261' title='bbox 321 2343 341 2380; x_wconf 86' lang='lat'><strong>¹)</strong></span> <span class='ocrx_word' id='word_1_262' title='bbox 365 2349 433 2376; x_wconf 90' lang='lat' dir='ltr'>XII:</span> <span class='ocrx_word' id='word_1_263' title='bbox 459 2350 488 2382; x_wconf 82' lang='lat'><strong>4,</strong></span> <span class='ocrx_word' id='word_1_264' title='bbox 513 2349 601 2381; x_wconf 84' lang='lat' dir='ltr'><strong>Quod</strong></span> <span class='ocrx_word' id='word_1_265' title='bbox 624 2349 730 2376; x_wconf 83' lang='lat' dir='ltr'><strong>Flacco</strong></span> <span class='ocrx_word' id='word_1_266' title='bbox 753 2348 906 2383; x_wconf 81' lang='lat' dir='ltr'><strong>Varioque</strong></span> <span class='ocrx_word' id='word_1_267' title='bbox 928 2348 998 2381; x_wconf 85' lang='lat' dir='ltr'><strong>fuit,</strong></span> <span class='ocrx_word' id='word_1_268' title='bbox 1023 2356 1203 2383; x_wconf 86' lang='lat' dir='ltr'><strong>summoque</strong></span> <span class='ocrx_word' id='word_1_269' title='bbox 1230 2347 1358 2379; x_wconf 77' lang='lat' dir='ltr'><strong>Maroni,</strong></span> 
     </span>
     <span class='ocr_line' id='line_1_34' title="bbox 509 2402 1249 2437; baseline -0.001 -7"><span class='ocrx_word' id='word_1_270' title='bbox 509 2404 658 2430; x_wconf 68' lang='lat' dir='ltr'><strong>Maecenas</strong></span> <span class='ocrx_word' id='word_1_271' title='bbox 681 2402 779 2430; x_wconf 78' lang='lat' dir='ltr'><strong>atavis</strong></span> <span class='ocrx_word' id='word_1_272' title='bbox 801 2402 927 2436; x_wconf 85' lang='lat' dir='ltr'><strong>regibus</strong></span> <span class='ocrx_word' id='word_1_273' title='bbox 951 2403 1039 2429; x_wconf 81' lang='lat' dir='ltr'><strong>ortus</strong></span> <span class='ocrx_word' id='word_1_274' title='bbox 1062 2410 1167 2437; x_wconf 77' lang='lat' dir='ltr'><strong>equeS,</strong></span> <span class='ocrx_word' id='word_1_275' title='bbox 1192 2403 1249 2429; x_wconf 82' lang='lat' dir='ltr'><strong>eet.</strong></span> 
     </span>
     <span class='ocr_line' id='line_1_35' title="bbox 321 2450 1299 2490; baseline -0.003 -5"><span class='ocrx_word' id='word_1_276' title='bbox 321 2450 342 2488; x_wconf 79' lang='lat'><strong>⁵⁵)</strong></span> <span class='ocrx_word' id='word_1_277' title='bbox 365 2457 411 2485; x_wconf 89' lang='lat' dir='ltr'><strong>w.</strong></span> <span class='ocrx_word' id='word_1_278' title='bbox 436 2457 563 2484; x_wconf 74' lang='lat' dir='ltr'><strong>Teuffel.</strong></span> <span class='ocrx_word' id='word_1_279' title='bbox 588 2457 645 2484; x_wconf 82' lang='lat' dir='ltr'><strong>Die</strong></span> <span class='ocrx_word' id='word_1_280' title='bbox 667 2456 847 2484; x_wconf 77' lang='lat' dir='ltr'><strong>horazische</strong></span> <span class='ocrx_word' id='word_1_281' title='bbox 869 2455 964 2490; x_wconf 85' lang='lat' dir='ltr'><strong>Lyrik</strong></span> <span class='ocrx_word' id='word_1_282' title='bbox 985 2455 1049 2482; x_wconf 80' lang='lat' dir='ltr'><strong>und</strong></span> <span class='ocrx_word' id='word_1_283' title='bbox 1072 2455 1166 2482; x_wconf 76' lang='lat' dir='ltr'><strong>deren</strong></span> <span class='ocrx_word' id='word_1_284' title='bbox 1187 2456 1299 2483; x_wconf 76' lang='lat' dir='ltr'><strong>Kritik.</strong></span> 
     </span>
     <span class='ocr_line' id='line_1_36' title="bbox 320 2505 1641 2546; baseline -0.002 -8"><span class='ocrx_word' id='word_1_285' title='bbox 320 2505 343 2543; x_wconf 79' lang='lat'><strong>³)</strong></span> <span class='ocrx_word' id='word_1_286' title='bbox 366 2511 453 2544; x_wconf 86' lang='lat' dir='ltr'><strong>Vide,</strong></span> <span class='ocrx_word' id='word_1_287' title='bbox 478 2511 505 2537; x_wconf 84' lang='lat' dir='ltr'><strong>si</strong></span> <span class='ocrx_word' id='word_1_288' title='bbox 527 2511 638 2546; x_wconf 81' lang='lat' dir='ltr'><strong>placet,</strong></span> <span class='ocrx_word' id='word_1_289' title='bbox 663 2510 745 2545; x_wconf 87' lang='lat' dir='ltr'><strong>quod</strong></span> <span class='ocrx_word' id='word_1_290' title='bbox 767 2510 877 2538; x_wconf 79' lang='lat' dir='ltr'><strong>Waltz.</strong></span> <span class='ocrx_word' id='word_1_291' title='bbox 905 2510 986 2543; x_wconf 76' lang='lat' dir='ltr'><strong>„Des</strong></span> <span class='ocrx_word' id='word_1_292' title='bbox 1007 2507 1195 2537; x_wconf 74' lang='lat' dir='ltr'><strong>variations⁶⁶</strong></span> <span class='ocrx_word' id='word_1_293' title='bbox 1222 2511 1278 2537; x_wconf 87' lang='lat' dir='ltr'><strong>cet.</strong></span> <span class='ocrx_word' id='word_1_294' title='bbox 1304 2510 1382 2536; x_wconf 87' lang='lat' dir='ltr'><strong>dixit</strong></span> <span class='ocrx_word' id='word_1_295' title='bbox 1406 2510 1443 2536; x_wconf 89' lang='lat' dir='ltr'><strong>de</strong></span> <span class='ocrx_word' id='word_1_296' title='bbox 1467 2509 1515 2536; x_wconf 82' lang='lat' dir='ltr'><strong>od.</strong></span> <span class='ocrx_word' id='word_1_297' title='bbox 1540 2509 1565 2536; x_wconf 87' lang='lat'><strong>1:</strong></span> <span class='ocrx_word' id='word_1_298' title='bbox 1593 2509 1641 2541; x_wconf 87' lang='lat'><strong>12,</strong></span> 
     </span>
    </p>
   </div>
   <div class='ocr_carea' id='block_1_9' title="bbox 230 2565 357 2598">
    <p class='ocr_par' dir='ltr' id='par_1_10' title="bbox 230 2565 357 2598">
     <span class='ocr_line' id='line_1_37' title="bbox 230 2565 357 2598; baseline 0.008 -7"><span class='ocrx_word' id='word_1_299' title='bbox 230 2571 282 2598; x_wconf 87' lang='lat' dir='ltr'><strong>pg.</strong></span> <span class='ocrx_word' id='word_1_300' title='bbox 308 2565 357 2592; x_wconf 82' lang='lat'><strong>39.</strong></span> 
     </span>
    </p>
   </div>
  </div>
 </body>
</html>
