1768 2856
859 198 1068 236 -63-

864 360 1070 420 XXV.

382 495 529 534 Peerlc.
572 496 644 534 hoc
687 509 841 534 carmen
883 497 1105 535 comminuit
1147 501 1185 536 et
1228 512 1248 537 e
1282 500 1511 550 fragmentis
1538 516 1672 542 versus

253 560 453 601 nonnullos
496 559 723 598 coniecturis
766 562 805 599 et
845 561 1205 611 transpositionibus
1241 564 1533 616 conglutinavit,
1576 580 1671 617 quos

220 623 224 626 ⁴
254 628 382 675 putat·
408 625 588 663 carminis
623 625 671 662 ad
705 624 902 662 Bacchum
931 625 1202 664 celebrandum
1231 629 1366 678 scripti
1394 629 1512 679 (quod
1540 633 1672 669 tamen

253 702 442 739 nusquam
484 687 694 737 invenitur)
736 688 890 726 initium
932 702 1026 727 esse.
1096 689 1242 729 Versus
1284 695 1414 731 autem
1454 694 1671 744 peerlcam-

205 786 208 790 ,
252 754 361 804 piani
391 753 433 790 hi
455 755 567 791 sunt:

639 832 705 864 Quo
727 840 777 860 me
799 832 901 860 Bache
923 834 1007 869 rapis
1030 834 1076 861 tui

509 886 657 913 Plenum?
702 886 773 919 Quae
796 895 930 921 nemora,
953 890 1006 915 aut
1029 897 1108 924 quos
1130 898 1205 924 agor
1228 890 1259 917 in
1283 892 1414 926 specus?

508 940 625 966 Edonis
649 941 754 974 stupet
776 941 868 967 Evias

507 992 646 1020 Hebrum
668 994 870 1029 prospiciens,
894 995 925 1021 et
947 995 1015 1022 nive
1038 995 1200 1023 candidam

510 1047 658 1080 Thracen,
681 1055 743 1074 non
766 1055 855 1075 secus
877 1048 909 1075 in
931 1049 1021 1083 iugis.

507 1100 557 1127 Nil
579 1101 710 1127 mortale
732 1101 851 1139 loquar.
896 1102 992 1128 Dulce
1014 1103 1186 1136 periculum
1209 1105 1268 1135 est,

509 1153 533 1180 O
556 1153 661 1186 Leton}⁷
685 1154 771 1188 sequi
795 1154 886 1181 deum

500 1207 686 1244 Cingentem
708 1208 798 1234 viridi
820 1210 959 1242 tempora
981 1209 1135 1243 pampino.

379 1267 462 1307 Hoc
514 1282 606 1319 opus
648 1268 758 1318 quasi
800 1268 1036 1313 tessellatum
1077 1269 1178 1307 mala
1219 1270 1389 1321 partium
1431 1271 1666 1311 cohaerentia

249 1334 393 1372 nemini
421 1334 579 1383 placuit,
608 1347 744 1383 neque,
775 1334 898 1379 credo,
933 1335 1111 1384 cuiquam
1139 1335 1321 1384 placebit.
1353 1335 1549 1386 Gruppius
1579 1338 1664 1376 iure

251 1399 344 1437 dicit
372 1398 472 1437 hanc
502 1398 728 1436 emendandi
755 1398 940 1436 rationem
970 1412 1051 1437 esse
1079 1399 1285 1449 pessimam
1307 1400 1336 1449 1)
1367 1402 1404 1438 et
1434 1399 1660 1439 Schuetzius

250 1463 464 1501 Peerlcmm
492 1464 584 1501 adeo
614 1463 768 1509 refellit,
797 1464 895 1500 nihil
923 1466 966 1500 ut
994 1464 1133 1501 addere
1155 1478 1246 1513 opus
1266 1464 1316 1501 sit
1336 1464 1380 1512 2).
1440 1464 1519 1502 Aut
1539 1466 1663 1503 Lehr-

250 1527 304 1564 sio
334 1527 511 1565 assentiri
539 1527 732 1573 debemus,
770 1527 836 1576 qui
864 1527 1037 1576 quamvis
1062 1515 1343 1577 hypercriticus
1362 1530 1486 1565 totum
1506 1542 1662 1567 carmen

250 1592 402 1637 retinet,
433 1594 499 1629 aut
527 1606 613 1629 cum
642 1591 812 1641 Gruppio
841 1594 963 1629 totum
993 1605 1146 1630 carmen
1174 1592 1410 1630 reiciendum
1440 1595 1509 1631 est.
1566 1594 1662 1633 Ter-

249 1656 347 1692 tium
373 1669 447 1692 non
477 1657 601 1693 datur.

378 1719 523 1758 Peerlc.
567 1719 607 1757 in
648 1719 851 1769 repudiata
880 1719 1059 1757 carminis
1088 1722 1211 1769 parte,
1242 1734 1358 1770 quam
1387 1733 1407 1758 e
1436 1720 1662 1758 scholiasta-

249 1797 335 1821 rum
356 1784 492 1834 glossis
515 1786 636 1821 ortam
656 1796 737 1820 esse
757 1784 965 1820 arbitratus
986 1786 1055 1828 est,
1084 1784 1205 1820 multa
1224 1784 1383 1829 invenit,
1413 1784 1512 1832 quod
1531 1797 1663 1832 repre—

248 1846 447 1894 henderet,
478 1861 638 1897 quorum
666 1849 795 1885 tamen
824 1846 978 1897 singula
1006 1861 1168 1897 quaeque
1207 1847 1387 1886 Luebker
1415 1847 1599 1885 refutavit
1617 1847 1662 1897 3),

249 1914 292 1949 ut
320 1913 429 1950 nobis
458 1912 551 1949 satis
584 1912 634 1949 sit
668 1912 716 1949 ad
745 1925 832 1949 eum
860 1911 1033 1961 legentes
1063 1912 1276 1962 delegasse.
1332 1912 1462 1950 Unum
1489 1915 1659 1949 tantum-

248 1976 357 2014 modo
387 1976 609 2015 adiciamus.
663 1975 812 2014 Morose
842 1976 1022 2026 obiurgat
1049 1976 1180 2022 verba,
1211 1990 1296 2026 quae
1325 1978 1414 2014 sunt
1441 1976 1573 2026 quibus
1591 1989 1660 2013 an-

249 2042 320 2079 tris
348 2042 490 2079 audiar
519 2041 683 2079 Coesarz's
711 2042 821 2079 decus
848 2042 1044 2079 meditans.
1094 2041 1274 2087 „Recte“,
1300 2041 1437 2091 inquit,
1473 2041 1533 2087 „in
1554 2044 1661 2078 antro

248 2105 479 2142 meditamur
508 2108 546 2143 et
575 2105 757 2151 canimus,
786 2119 861 2143 non
888 2108 1018 2143 tamen
1046 2108 1089 2142 ut
1112 2105 1226 2155 longe
1246 2105 1400 2154 lateque
1420 2105 1659 2142 audiamur“.

248 2168 344 2208 Haec
386 2169 630 2219 vituperatio,
675 2183 760 2219 quae
789 2169 965 2207 veritatis
996 2169 1166 2219 speciem
1195 2183 1275 2219 prae
1305 2183 1345 2207 se
1373 2168 1546 2214 ferat„si
1575 2168 1661 2218 quis

248 2235 358 2282 putet
386 2235 504 2272 verba
532 2234 665 2284 quibus
692 2235 816 2271 antris
844 2234 947 2271 idem
975 2234 1195 2284 significare
1224 2234 1324 2283 quod
1353 2235 1393 2270 in
1421 2233 1554 2283 quibus
1582 2246 1659 2269 an-

248 2299 319 2335 tris
361 2298 565 2344 evanescit,
601 2298 633 2336 si
668 2299 791 2336 antris
826 2312 895 2348 pro
926 2298 1052 2336 dativo
1081 2298 1267 2337 habemus
1297 2297 1373 2346 (for
1400 2297 1425 2335 l.
1456 2297 1498 2335 af
1523 2296 1656 2335 hvilka

381 2446 402 2485 ¹)
425 2453 526 2480 Minos
550 2453 621 2480 394.

382 2500 403 2537 2]
422 2507 483 2533 Ed.
506 2507 580 2533 Hor.
603 2514 673 2541 pag.
699 2507 770 2533 373.

381 2554 403 2592 ³)
427 2561 595 2587 Comment.
618 2568 690 2595 pgg.
715 2560 894 2587 409—512.
