1768 2856
742 309 774 335 Si
796 308 864 342 figit
887 307 1103 335 adamantinos

657 362 791 390 Summis
813 360 983 389 verticibus
1006 360 1074 388 dira
1095 360 1271 388 Necessitas

655 417 775 449 clavos,
797 424 859 443 non
881 415 1017 442 animum
1038 416 1133 448 metu,

655 470 724 497 Non
745 466 856 496 mortis
878 468 999 503 laqueis
1021 468 1169 505 expedies
1192 469 1295 504 caput.

658 514 671 525 ἱ

397 532 452 571 Η1
480 545 612 570 versus
640 530 818 581 pervarie
846 531 936 568 sunt
964 529 1156 579 explicati.
1212 528 1434 568 Necessitas
1462 529 1526 567 hic
1550 543 1687 579 parca-

224 617 226 619 ·
263 610 354 636 rum
395 598 527 646 partes
568 607 684 645 agere
711 595 877 640 videtur,
908 596 946 631 et
973 594 1007 632 si
1034 593 1231 631 nominum
1258 594 1337 631 vim
1367 596 1406 631 et
1434 593 1687 644 significatio·-

262 675 357 701 nem
383 660 623 711 respicimus,
653 659 702 697 ad
729 658 870 709 Atropi
896 658 1061 697 maxime
1089 671 1292 708 personam
1319 658 1528 709 gerendam
1553 671 1687 696 neces-

268 726 363 764 sitas
406 727 498 774 apta
541 737 622 761 esse
650 723 815 768 videtur,
845 736 931 772 quae
961 723 1031 760 dea
1059 736 1162 773 saepe
1191 723 1230 759 in
1260 722 1428 772 antiquis
1457 722 1619 772 picturis
1649 725 1689 760 et

262 789 369 829 vasis
411 802 499 827 cum
541 787 647 827 clavo
690 789 728 826 et
755 786 893 826 malleo
920 787 1011 826 ficta
1040 789 1110 825 est.
1169 786 1270 832 Quid
1298 786 1494 838 significat
1522 786 1588 825 ille
1616 800 1685 825 ne-

267 853 459 893 cessitatis
503 853 645 899 clavus,
689 852 829 902 quidve
872 855 930 890 est
957 853 1114 890 summis
1143 852 1354 890 verticibus
1383 852 1509 890 clavos
1537 853 1685 903 figere?

262 917 429 956 Plurimi
456 917 688 967 interpretes
722 916 810 954 inde
848 930 870 954 a
906 916 1084 955 Dacierio
1122 916 1367 955 crediderunt
1402 930 1568 954 summos
1596 930 1684 955 ver-

267 982 362 1021 tices
392 995 474 1020 esse
503 982 683 1019 domuum
711 980 870 1031 fastigia
899 983 937 1019 et
965 980 1090 1019 clavos
1119 981 1339 1031 significare
1366 980 1493 1019 clavos
1513 980 1683 1027 annales,

264 1046 335 1098 -qui
363 1048 462 1084 teste
491 1045 601 1083 Livio
630 1044 685 1093 (7,
716 1044 757 1094 3)
791 1058 861 1095 per
889 1058 1005 1082 annos
1034 1045 1204 1095 singulos
1225 1058 1247 1082 a
1274 1047 1439 1095 praetore
1459 1045 1622 1082 maximo
1643 1045 1683 1082 in

261 1111 479 1161 parietibus
521 1109 658 1160 templi
699 1108 799 1148 Iovis
833 1109 1063 1159 figebantur,
1092 1112 1135 1146 ut
1162 1123 1232 1159 per
1261 1122 1323 1147 eos
1351 1123 1533 1147 numerus
1562 1123 1681 1147 anno-

267 1189 356 1213 rum
386 1174 652 1225 collegeretur.
709 1173 806 1212 Haec
834 1175 963 1211 tamen
992 1173 1191 1223 explicatio
1219 1173 1334 1224 longe
1362 1173 1487 1223 petita
1515 1174 1680 1221 videtur,

260 1252 389 1290 neque
431 1238 650 1293 verisimilis
693 1241 762 1276 est.
818 1237 1019 1288 Nusquam
1048 1238 1149 1276 enim
1177 1238 1279 1288 apud
1307 1238 1512 1288 scriptores
1540 1238 1680 1277 latinos

264 1304 472 1342 necessitas
501 1303 581 1341 sive
609 1303 733 1340 fatum
760 1303 935 1352 praetoris
963 1302 1118 1339 maximi
1136 1315 1339 1352 personam
1353 1303 1468 1352 gerit,
1490 1316 1680 1352 nusquam

259 1368 302 1406 id
343 1368 463 1407 habet
502 1381 652 1414 munus,
694 1369 737 1405 ut
779 1381 895 1405 annos
922 1369 1109 1413 numeret,
1137 1380 1262 1416 neque
1290 1380 1453 1417 usquam
1480 1367 1609 1417 pinnae
1640 1370 1679 1406 et

263 1432 424 1483 fastigia
453 1433 632 1470 domuum
661 1431 904 1481 appellantur
932 1431 1106 1469 vertices.

392 1496 651 1535 Conferendus
681 1498 739 1534 est
765 1495 829 1534 hic
856 1495 971 1535 locus.
989 1509 1076 1534 cum
1105 1494 1175 1534 Od.
1196 1495 1226 1534 I:
1248 1496 1312 1543 35,
1336 1497 1493 1534 17—20
1514 1499 1552 1535 et
1571 1499 1678 1535 recta

260 1561 530 1611 interpretatio
560 1574 579 1598 e
608 1560 901 1598 scholiastarum
929 1552 1239 1597 annotationibus
1268 1562 1326 1598 est
1355 1560 1555 1598 elicienda.

389 1625 483 1664 Hor.
513 1625 538 1663 1.
569 1638 600 1663 c.
630 1624 800 1674 scripsit:

648 1704 691 1730 Te
715 1711 836 1737 semper
858 1703 936 1729 antit
960 1710 1048 1729 serva
1070 1703 1247 1729 Necessitas

648 1756 756 1783 elavos
780 1756 914 1783 trabales
938 1757 968 1782 et
992 1764 1107 1783 cuneos
1129 1763 1222 1782 manu

647 1810 781 1837 Gestans
804 1809 909 1842 ahena,
933 1817 988 1837 nec
1012 1818 1138 1837 severus

644 1863 748 1891 Uncus
772 1863 860 1890 abest
883 1863 1097 1899 liquidumque
1119 1864 1291 1900 plumbum.

387 1923 562 1974 Uterque
591 1924 709 1963 schol.
739 1938 800 1963 res
829 1924 867 1962 h.
897 1925 922 1962 l.
954 1928 1195 1963 enumeratas
1224 1926 1479 1963 instrumenta
1498 1926 1674 1964 lictorum

261 1989 325 2027 vel
367 1984 630 2039 apparitorum
673 2002 754 2026 esse
797 1989 902 2035 dixit,
947 1989 1086 2038 quibus
1134 1990 1416 2038 „puniebantur
1450 1990 1668 2040 dampnati“

257 2052 405 2102 (Acro).
468 2053 674 2102 „Eleganti
702 2053 948 2101 conceptione
977 2053 1060 2091 haec
1075 2053 1329 2091 instrumenta
1345 2055 1563 2092 accomodat
1578 2054 1672 2092 For-

258 2118 375 2163 tunae,
419 2116 566 2155 scilicet
608 2116 746 2166 quibus
789 2117 892 2167 cogit
921 2119 959 2155 et
987 2119 1141 2167 torquet
1168 2117 1417 2168 implicatque
1446 2131 1506 2156 res
1535 2109 1672 2155 huma-

255 2182 347 2218 nas“
410 2180 598 2230 (Porph.).
675 2181 858 2218 Lehrsius
899 2182 940 2218 in
982 2182 1127 2231 optima
1168 2183 1224 2219 rei
1268 2183 1497 2231 expositione
1540 2183 1672 2220 eodem

256 2245 366 2282 modo
397 2244 611 2294 explicavit.
641 2258 765 2294 neque
793 2245 920 2283 fecere
948 2259 1114 2295 possum,
1145 2246 1239 2295 quin
1266 2246 1394 2292 mirer,
1425 2247 1524 2295 quod
1549 2246 1670 2284 inter-

256 2311 385 2357 pretes
413 2298 587 2359 plerique
617 2321 745 2346 omnes
768 2308 796 2357 ¹)
826 2312 953 2358 spreto
983 2310 1276 2348 scholiastarum
1309 2311 1475 2349 subsidio
1505 2313 1670 2349 structo-

258 2372 312 2410 ris
340 2372 435 2411 viles
463 2375 594 2423 partes
627 2373 706 2410 fato
742 2372 940 2420 dederunt,
979 2375 1079 2424 quod
1107 2375 1360 2412 instrumenta
1388 2375 1462 2412 ista
1491 2375 1539 2413 ab
1569 2376 1671 2413 eius-

255 2436 359 2474 modi
385 2437 604 2475 hominibus
631 2438 811 2487 usurpari
839 2441 1010 2487 possunt.

390 2563 411 2601 1)
434 2569 581 2604 Exceptis
603 2570 705 2597 tamen
726 2570 867 2603 Lehrsio,
891 2571 1020 2604 Rittero,
1044 2572 1175 2606 Ungero,
1200 2571 1372 2604 Schuetzio,
1396 2572 1432 2599 L.
1456 2572 1614 2600 Muellero.
