1768 2856
258 343 365 372 mum
408 342 490 367 esse
531 330 655 377 putat.
698 327 773 364 Vv.
817 327 977 363 21—24
1019 340 1042 363 a
1082 326 1280 371 Peerlcfio,
1309 326 1480 372 Lehrsio,
1508 326 1674 374 Prienio‚

259 409 320 436 vv.
352 392 508 433 15-—20
538 405 561 430 a
589 390 775 442 Gruppio,
806 390 936 428 9-—12
967 403 989 428 a
1017 388 1184 436 Prienio‚
1211 389 1359 428 2—-5-a
1378 389 1551 436 Lehrsio,
1573 391 1675 429 1—4

260 475 283 499 a
311 458 483 509 Gruppio
526 456 644 495 deleti
686 457 786 494 sunt.
843 455 994 494 Deinde
1037 468 1080 493 ex
1123 455 1266 505 optimo
1314 454 1452 493 Horati
1509 456 1687 509 carmine

259 524 331 562 hoc
358 523 497 560 restat:

690 599 799 626 servas
821 598 937 626 moveri
961 598 1053 633 digna
1074 598 1156 625 bono
1180 598 1239 631 die,

687 652 857 685 Descende,
881 653 1011 679 Corvino
1035 652 1160 679 iubente

687 706 832 732 Promere
854 706 1048 740 languidiora
1070 706 1149 732 vina.

386 776 470 815 Hoc
498 789 648 826 quoque
677 776 842 815 eiectum
869 776 1031 815 fortasse
1060 779 1118 815 est
1146 777 1194 815 ab
1228 776 1374 827 aliquo,⁴
1397 790 1512 828 quem
1544 776 1676 828 legere

257 842 353 881 mihi
393 855 469 879 non
510 841 621 879 licuit
663 840 752 889 (ex:i
793 854 852 891 gr.
882 841 1123 891 Martinum).
1180 841 1424 892 Argumenta
1453 855 1584 880 eorum
1611 842 1672 879 in-

257 907 368 945 firma
396 908 496 943 sunt.
555 905 750 955 Gruppius
779 908 910 943 contra
928 906 1094 955 primam
1112 906 1310 956 stropham
1330 906 1423 945 dicit
1442 906 1675 944 inurbanum

205 965 208 968 Δ
256 971 428 1009 futurum
457 969 577 1008 fuisse
606 983 734 1008 coram
762 969 936 1016 Corvino,
965 973 1045 1008 tam
1072 971 1192 1009 nobili
1218 971 1387 1017 conviva,
1409 971 1456 1009 de
1476 970 1672 1020 querellis,

257 1034 362 1079 rixis,
392 1034 538 1070 insanis
567 1034 760 1071 amoribus
788 1047 993 1083 somnoque
1021 1034 1136 1083 loqui.
1193 1034 1268 1072 Sed
1296 1038 1429 1072 notum
1457 1037 1516 1072 est
1543 1048 1671 1072 roma-

257 1111 324 1136 nos
352 1098 393 1135 in
423 1097 606 1136 conviviis
636 1097 777 1136 calidos
799 1100 837 1136 et
855 1098 1095 1137 turbulentos
1116 1098 1246 1145 fuisse,
1277 1099 1395 1137 etiam
1414 1099 1447 1136 si
1466 1098 1673 1136 nobiliores

258 1176 375 1212 quam
404 1162 588 1200 Corvinus
617 1163 691 1200 viri
720 1163 909 1209 adessent,
944 1166 1060 1213 atque
1089 1163 1273 1201 Corvinus
1301 1164 1405 1201 haud
1434 1163 1671 1201 fastidientis

257 1225 443 1263 stomachi
471 1225 590 1263 fuisse
618 1226 782 1271 videtur,
812 1239 930 1275 quum
957 1226 1140 1264 Horatius
1169 1227 1251 1276 ipse
1281 1227 1327 1264 de
1357 1240 1399 1264 eo
1429 1227 1533 1264 dicat
1551 1227 1671 1264 verba

254 1288 353 1327 haec:
369 1302 445 1326 non
460 1289 523 1327 ille
537 1288 681 1339 (Oorv.)
697 1294 730 1327 te
749 1288 920 1339 (testam)
936 1291 1095 1341 neyleyet
1113 1290 1292 1328 horridus
1311 1289 1407 1338 (cfr.
1429 1289 1500 1328 Od.
1522 1289 1553 1336 I,
1575 1290 1657 1339 27).

384 1353 652 1404 Lanynidiora
679 1356 768 1391 vina
796 1357 896 1400 sunt,
931 1356 974 1392 ut
1001 1353 1143 1405 Porph.
1172 1355 1450 1405 interpretatus
1479 1357 1549 1400 est,
1578 1354 1669 1392 vina

256 1419 449 1457 vetustate
477 1418 608 1457 lenita.
665 1418 848 1458 Lehrsius
881 1419 1024 1458 talibus
1052 1419 1152 1458 vinis
1181 1433 1256 1458 non
1284 1419 1339 1458 ita
1367 1419 1540 1458 homines
1569 1419 1671 1458 affici

257 1483 389 1529 credit,
432 1486 475 1521 ut
516 1484 556 1521 in
597 1484 722 1533 prima
763 1484 920 1533 stropha
962 1484 1214 1530 describatur,
1258 1484 1325 1522 sed
1366 1485 1508 1522 bonum
1548 1483 1671 1521 solum

257 1547 435 1588 effectum
477 1547 633 1588 habere.
689 1547 823 1588 Posset
863 1548 986 1601 igitur
1025 1548 1164 1600 aliquis
1205 1549 1338 1588 vinum
1373 1550 1568 1589 vetustum
1595 1562 1666 1600 per

253 1615 374 1651 totam
402 1616 552 1652 noctem
581 1613 688 1662 (dum
715 1615 866 1652 rediens
894 1615 1008 1664 fugat
1037 1617 1140 1652 astra
1165 1614 1359 1663 Phoebus)
1379 1615 1525 1660 bibere‚
1546 1628 1671 1664 neque

253 1677 338 1716 fieri
366 1680 505 1728 posset,
546 1680 589 1716 ut
618 1678 666 1716 ad
694 1678 793 1716 rixas
822 1691 850 1717 s.
880 1678 1032 1717 insanos
1062 1692 1209 1717 amores
1237 1678 1514 1729 impelleretur,
1545 1692 1670 1729 neque

254 1756 383 1781 somno
425 1745 665 1793 gravaretur,
707 1743 791 1782 haec
834 1745 962 1781 autem
1002 1743 1240 1782 incommoda
1273 1744 1397 1781 vitare
1425 1757 1499 1782 non
1527 1747 1668 1793 posset,

253 1807 342 1845 vina
385 1807 575 1846 deteriora
617 1808 649 1846 si
692 1809 855 1859 potaret.
910 1806 1016 1846 Num
1057 1807 1112 1846 ita
1141 1821 1202 1846 res
1230 1821 1271 1846 se
1298 1807 1453 1854 habeat,
1495 1808 1670 1846 vinorum

252 1873 370 1922 periti
391 1873 622 1912 diiudicent.
666 1873 815 1912 Deinde
844 1873 938 1912 dicit
964 1874 1083 1912 verba
1110 1886 1336 1924 quocumque
1364 1874 1497 1911 lectum
1521 1875 1671 1912 nornine

251 1936 348 1975 talia
391 1951 486 1983 esse,
529 1940 572 1976 ut
615 1938 796 1988 explicari
838 1941 1042 1988 nequeant.
1099 1938 1197 1976 Edd.
1239 1940 1369 1975 tamen
1412 1938 1554 1987 optimo
1583 1938 1667 1976 iure

253 2001 430 2040 dixerunt
471 2015 698 2052 quocumque
739 2004 887 2040 nomine
928 2002 1031 2040 idem
1059 2002 1278 2052 significare
1306 2002 1407 2051 quod
1435 2015 1668 2052 quacumque

252 2077 369 2103 causa
397 2079 428 2105 s.
459 2067 500 2103 in
528 2079 791 2117 quemcumque
817 2066 940 2115 finem.
983 2066 1116 2104 Talem
1143 2066 1222 2104 vim
1250 2079 1351 2115 saepe
1379 2079 1518 2103 nomen
1547 2066 1669 2104 habet

254 2130 357 2179 apud
384 2130 590 2181 scriptores
619 2130 770 2177 latinos,
799 2133 842 2169 ut
871 2131 973 2181 apud
1002 2130 1079 2169 Cic.
1110 2131 1156 2168 de
1184 2130 1271 2168 Am.
1299 2131 1367 2168 25:
1398 2131 1529 2168 multis
1547 2132 1667 2168 nomi-

248 2194 360 2231 nibus
402 2199 454 2232 est
491 2195 558 2232 hoc
585 2196 718 2232 vitium
746 2196 966 2243 notandum,
994 2194 1084 2232 Tac.
1114 2194 1214 2232 Ann.
1248 2195 1309 2240 14,
1340 2196 1410 2232 59:
1447 2195 1600 2232 decretoe
1629 2208 1669 2232 eo

247 2259 398 2297 nomine
440 2259 743 2310 supplicationes,
787 2261 859 2298 cet.
917 2259 1026 2306 Quod·
1067 2259 1099 2298 si
1141 2258 1202 2297 eui
1243 2258 1327 2297 haec
1361 2258 1563 2310 explicatio
1591 2273 1666 2297 non

246 2323 445 2370 probatur,
489 2324 525 2361 ei
566 2324 657 2361 licet
698 2324 853 2362 Bentlei
895 2325 1152 2362 coniecturam
1197 2324 1389 2373 accipere:
1437 2337 1667 2375 quocumque

245 2384 387 2434 foetum
414 2389 579 2438 numine,
610 2401 695 2438 quae
725 2387 945 2440 et‘Jsubtilis
974 2391 1031 2427 est
1060 2391 1097 2427 et
1125 2388 1250 2427 facilis
1272 2388 1314 2439 1).
1358 2387 1498 2427 Melius
1527 2388 1668 2428 saltem

380 2483 400 2520 ¹)
425 2486 566 2527 Numine
589 2489 681 2516 etiam
704 2489 807 2516 Keller
830 2490 860 2516 in
883 2498 944 2517 una
967 2490 1100 2517 editione
1124 2490 1260 2525 scripsit,
1284 2490 1369 2525 quod
1392 2490 1433 2517 sit
1459 2490 1575 2524 „lectio
1592 2490 1667 2517 diffl-

246 2537 363 2574 cilior“,
399 2550 585 2578 quamquam
608 2543 638 2570 in
660 2542 779 2578 Epileg.
809 2543 997 2579 palinodiam
1025 2543 1142 2571 cecinit.
1189 2540 1323 2571 Foetnm
1347 2544 1385 2571 ab
1409 2544 1534 2579 Ungero
1558 2552 1670 2579 accep-

247 2601 311 2620 ·um
346 2597 404 2623 est.
