1768 2856
851 260 900 264 -.
931 206 1062 275 51⁸-

136 366 139 370 ·
187 390 193 394 ,
248 344 490 388 dohoratium
532 345 693 384 caedere.
749 344 813 382 Ad
849 343 1098 382 refutandum
1139 344 1233 381 satis
1263 346 1320 382 est
1349 358 1663 385 commemorasse

248 422 379 452 eorum
407 409 627 461 argumenti
657 408 951 458 explicationem
979 420 1061 445 esse
1089 407 1228 445 falsam
1258 411 1296 445 et
1324 421 1555 457 perversam.

234 470 238 474 ’
377 475 471 520 Quae
499 474 540 512 in
560 473 729 511 carmine
748 472 831 510 iure
852 471 978 522 aliquo
994 471 1225 521 reprehendi
1244 475 1415 521 possunt,
1435 471 1581 511 Peerlc.
1601 473 1665 512 hic

247 544 291 580 ut
309 552 411 589 saepe
431 538 526 576 alias
551 537 653 575 solus
683 536 825 574 attulit.
882 535 971 574 Non
998 539 1128 573 tamen
1158 536 1269 573 odam
1298 536 1455 582 delevit,
1485 537 1552 575 sed
1581 538 1665 575 eam

252 606 451 643 obscuram
474 604 513 640 et
531 600 694 639 Horatio
721 600 784 639 vix
813 600 972 651 dignam
1001 613 1084 638 esse
1113 600 1277 650 putavit.
1327 599 1416 650 Ipse
1446 603 1577 639 autem
1605 601 1665 639 fa-

249 669 314 708 cili
339 670 377 706 et
398 666 537 705 eximia
557 665 776 704 coniectura
795 665 999 702 maximam
1028 664 1297 703 difficultatem
1327 665 1505 715 dempsit.
1562 665 1665 703 Nam

247 747 315 784 pro
365 734 550 769 mstorum
599 730 716 768 verbo
765 730 827 767 illi
867 730 908 767 in
949 744 983 768 v.
1029 730 1052 768 8
1095 730 1250 780 scripsit
1297 730 1379 778 illa,
1437 744 1523 780 quae
1566 731 1663 769 coni;

194 816 196 819 ·
246 795 423 848 plurimis
473 794 749 833 recentioribus
802 794 1010 832 editoribus
1062 794 1179 832 etiam
1229 794 1384 832 Kellero
1426 794 1466 832 in
1508 794 1663 845 Epileg.

247 861 408 912 probata
449 861 518 897 est.
589 854 831 909 Quamquam
871 859 933 897 vix
974 859 1059 897 fieri
1101 861 1239 909 potest,
1282 862 1325 897 ut
1354 859 1512 909 antiqua
1548 859 1662 899 lectio

209 913 214 917 ”
247 924 509 975 intellegatur,
539 926 670 962 tamen
699 923 967 973 explicationes
995 937 1138 975 magna
1166 938 1251 962 cum
1270 924 1411 962 fiducia
1432 924 1517 962 edd.
1543 924 1663 962 nimio

247 988 496 1028 conservandi
524 988 649 1026 studio
678 988 835 1026 adducti
867 988 1119 1038 protulerunt.
1182 987 1237 1026 Ut
1266 988 1473 1026 Dacierius
1506 991 1544 1026 et
1573 991 1661 1039 post

250 1067 336 1091 eum
377 1051 645 1102 Stambergius
688 1054 816 1090 noster
862 1053 980 1090 verba
1027 1053 1095 1089 tibi
1128 1053 1265 1102 praeda
1307 1053 1417 1090 cedat
1458 1054 1583 1090 maior
1610 1066 1663 1091 an

246 1117 306 1155 illi
319 1117 375 1154 ita
402 1116 720 1166 interpretantur,
741 1119 793 1166 ,ut
821 1117 950 1155 dicant
977 1118 1100 1154 maior
1127 1131 1195 1167 pro
1223 1119 1345 1167 mayis
1364 1130 1447 1155 esse
1466 1117 1655 1167 scriptum

248 1183 285 1218 et
326 1182 447 1230 maqis
488 1180 591 1218 idem
633 1180 761 1218 valere
797 1181 897 1230 quod
922 1182 1059 1230 potius.
1117 1180 1214 1218 Tum
1242 1183 1405 1230 uterque
1435 1181 1542 1218 addit
1569 1181 1659 1230 feli-

246 1245 391 1281 cissime
445 1244 517 1282 hoc
565 1258 646 1282 esse
694 1245 851 1291 dictum,
898 1247 941 1282 ut
988 1258 1115 1282 omnes
1163 1245 1421 1282 dubitationes
1469 1248 1659 1283 avertant.

246 1307 390 1346 Tamen
435 1322 483 1346 ne
525 1309 833 1358 imperitissimus
875 1309 1029 1358 quidem
1076 1322 1205 1347 eorum
1253 1309 1527 1358 discipulorum
1580 1323 1684 1347 ma-v

245 1373 359 1410 iorem
391 1386 460 1422 pro
497 1386 552 1420 eo,
582 1374 681 1423 quod
711 1376 768 1411 est
788 1368 929 1423 potius,
964 1373 1190 1423 scripsisset.
1247 1373 1431 1411 Homines
1460 1387 1546 1411 cum
1575 1374 1659 1411 ani-

244 1437 409 1475 malibus
452 1437 536 1475 aliis
571 1437 742 1476 conferre
775 1438 884 1476 nobis
919 1438 1074 1489 quidem
1108 1438 1317 1488 saepissime
1362 1438 1538 1488 ineptum
1573 1452 1656 1476 esse

245 1502 415 1547 videtur‚-
447 1503 622 1551 antiquos
657 1503 770 1540 aliter
803 1503 966 1540 sensisse
996 1505 1155 1540 constat.
1213 1503 1469 1546 Quamobrem
1496 1516 1571 1539 non
1600 1505 1659 1540 est

244 1565 540 1616 vituperandum
568 1566 751 1604 feminam
779 1566 941 1605 leaenam
970 1569 1008 1604 et
1037 1568 1246 1604 amatorem
1276 1566 1356 1604 eius
1385 1565 1555 1604 catulum
1584 1580 1660 1617 ap-.

244 1630 394 1679 pellari.
456 1630 702 1680 Reprehendi
748 1631 874 1680 aliquo
920 1631 1003 1668 iure
1038 1633 1166 1680 potest
1200 1631 1403 1668 Horatium
1433 1630 1658 1680 allegoriam

244 1696 423 1732 mutasse.
485 1694 613 1732 Primo
642 1694 834 1744 Pyrrhum
861 1694 1009 1732 inducit
1037 1697 1242 1732 venantem
1277 1708 1364 1732 cum
1392 1694 1587 1744 indagine,
1617 1694 1658 1731 in

244 1772 358 1808 quam
391 1759 504 1797 irruit
540 1758 624 1810 (per
659 1760 840 1797 obstantes
870 1761 1046 1797 iuvenum
1074 1759 1275 1807 catervam)
1304 1759 1439 1804 leaena,
1475 1761 1519 1796 ut
1547 1761 1655 1797 catu-

218 1817 322 1859 'lum
356 1826 495 1861 servet.
556 1824 706 1861 Deinde
748 1837 809 1861 res
851 1823 906 1861 ita
935 1823 1175 1868 describitur,
1206 1823 1315 1872 quasi
1345 1823 1395 1860 sit
1423 1823 1524 1860 inter
1551 1822 1651 1873 Pyr-

246 1886 359 1925 rhum
389 1890 427 1925 et
454 1888 617 1928 leaenam
646 1890 839 1926 certamen
867 1887 1074 1938 singulare,
1103 1887 1143 1925 in
1169 1901 1241 1937 quo
1269 1887 1472 1925 Nearchus
1500 1890 1657 1937 recepta

242 1950 391 1988 iuvenis
419 1953 545 2001 figura
571 1955 609 1989 et
628 1953 759 2001 praeda
779 1954 818 1989 et
846 1952 991 1988 arbiter
1018 1964 1150 2001 pugna
1179 1954 1247 1988 est.
1305 1951 1411 1988 Fieri
1439 1953 1577 2000 potest,
1608 1954 1651 1988 ut

242 2012 334 2053 Hor.
366 2016 413 2053 ad
441 2016 541 2054 hanc
569 2030 651 2054 rem
680 2015 849 2066 exemplo
878 2029 1003 2066 graeco
1033 2016 1219 2053 adductus
1248 2015 1309 2060 sit,
1338 2029 1428 2053 nam
1457 2015 1505 2052 ad
1526 2029 1653 2053 exem-

240 2078 347 2127 plum
374 2080 493 2130 graeci
522 2080 701 2119 carminis
730 2080 955 2118 concinnata
984 2082 1041 2118 est
1069 2080 1149 2118 ode.
1165 2079 1193 2129 ¹)
1249 2078 1303 2117 Ut
1332 2079 1516 2128 inaudax,
1548 2076 1654 2122 ἇπκξ

243 2139 309 2191 εὶρ.
353 2157 479 2195 graeco
527 2145 656 2190 verbo,
706 2145 806 2194 quod
849 2147 907 2182 est
950 2143 1122 2193 ἄτολμος,
1152 2157 1375 2181 conversum
1418 2157 1500 2181 esse
1531 2158 1653 2193 appa-

241 2209 312 2244 ret.
329 2207 360 2257 2)
416 2208 492 2247 Sed
529 2209 667 2246 omissa
709 2208 782 2247 hac
810 2222 852 2246 re
880 2207 1102 2247 Schuetzius
1131 2210 1235 2246 recte
1264 2207 1536 2246 animadvertit
1572 2208 1654 2246 Ho-

241 2271 338 2309 ratio
371 2286 526 2310 necesse
560 2273 678 2310 fuisse
721 2272 955 2318 Nearchum,
999 2275 1042 2309 ut
1070 2285 1257 2309 summam
1287 2272 1367 2308 eius
1396 2273 1653 2321 pugnantium

373 2420 393 2457 ¹)
418 2427 469 2454 Cfr
491 2427 691 2460 Doeringium
714 2427 737 2453 Sc
759 2427 952 2453 Schuezium.

373 2482 393 2521 ²)
419 2488 520 2521 Quum
541 2489 657 2517 Peerlc.
680 2490 774 2517 huius
796 2490 882 2517 verbi
905 2489 1072 2517 novitatem
1094 2488 1341 2524 reprehenderet,
1370 2497 1473 2517 secum
1489 2498 1550 2517 non
1565 2498 1656 2526 repu-

240 2540 326 2574 tavit,
355 2545 471 2577 quanta
500 2544 701 2578 singularium
723 2552 833 2571 vocum
855 2544 1024 2571 multitudo
1048 2543 1131 2577 apud
1152 2543 1316 2570 Horatium
1339 2545 1432 2571 esset.
1478 2544 1555 2570 vide
1580 2545 1654 2571 Zan-

223 2592 330 2627 ‘'gem.,
354 2595 555 2628 Rothmaler„
578 2596 698 2629 Waltz„
722 2596 810 2624 alios.
1431 2579 1442 2586 ²
