1768 2856
809 844 1033 903 I-—VL

202 941 372 1018 Prima
399 994 462 1018 sex
493 980 675 1026 carmina,
704 983 748 1018 ut
776 981 899 1031 primo
921 983 1080 1031 aspectu
1099 981 1285 1027 videmus,
1316 983 1399 1018 arte
1419 980 1520 1018 inter
1539 994 1623 1019 sese

204 1058 345 1083 conexa
387 1047 487 1083 sunt.
546 1043 685 1083 Omnia
728 1045 830 1083 enim
873 1045 1064 1084 didactica
1109 1047 1146 1083 et
1182 1045 1310 1084 ethica
1338 1047 1427 1083 sunt
1456 1047 1494 1083 et
1521 1045 1625 1083 idem

204 1109 351 1147 habent
379 1111 546 1146 metrum
575 1111 691 1158 atque
720 1109 775 1146 ita
805 1110 1088 1155 continuantur,
1131 1112 1174 1146 ut
1202 1110 1357 1146 initium
1379 1109 1622 1147 uniuscuius-

202 1186 277 1222 que
320 1173 502 1211 carminis
545 1187 632 1211 cum
667 1175 836 1212 extrema
863 1176 976 1223 parte
1006 1173 1186 1212 carminis
1214 1173 1467 1223 praecedentis
1497 1173 1623 1211 cohae-

200 1240 297 1274 reat.
355 1237 439 1281 Qua
476 1250 517 1274 re
548 1237 726 1274 commoti
754 1237 875 1283 fuere,
906 1237 973 1286 qui
1002 1237 1214 1282 crederent,
1244 1251 1359 1274 unam
1389 1250 1471 1274 esse
1500 1238 1621 1274 conti-

199 1314 317 1339 nuam
360 1301 481 1339 odam.
539 1300 599 1339 Ita
641 1300 783 1351 Porph.
828 1301 1036 1339 credidisse
1078 1301 1232 1339 videtur
1274 1303 1312 1339 et
1350 1300 1554 1339 Diomedes
1582 1301 1624 1339 in

198 1365 330 1403 libello
360 1379 425 1403 suo
456 1366 502 1403 de
531 1366 665 1403 metris
693 1365 905 1402 horatianis
935 1366 993 1403 od.
1015 1366 1220 1415 septimam
1238 1365 1352 1402 huius
1371 1365 1462 1402 libri
1481 1379 1617 1403 secun-
1636 1364 1645 1369 ’

201 1430 290 1468 dam
319 1430 502 1481 appellat.
560 1428 632 1468 Od.
663 1431 685 1468 2
717 1444 804 1469 cum
833 1430 890 1468 od.
912 1430 936 1468 3
958 1430 998 1468 in
1016 1429 1208 1468 nonnullis
1230 1429 1422 1469 codicibus
1443 1429 1620 1477 cohaeret,

200 1496 303 1533 inter
345 1509 439 1544 quos
481 1498 580 1533 teste
624 1495 790 1544 Cruquio
835 1496 951 1533 etiam
993 1495 1067 1532 fuit
1110 1496 1190 1533 cod.
1220 1495 1352 1533 bland.
1382 1497 1473 1541 vet„
1504 1498 1545 1532 ut
1573 1509 1621 1533 ne

199 1559 344 1597 maiore
374 1559 529 1609 quidem
559 1561 597 1597 et
627 1559 817 1597 ornatiore
845 1559 958 1597 litera
986 1559 1088 1597 inter
1113 1559 1197 1598 haec
1216 1559 1388 1597 carmina
1408 1559 1622 1598 intercedat

199 1624 417 1661 discrimen.
475 1624 548 1661 His
590 1624 828 1673 temporibus
870 1624 1122 1673 hypercritici
1164 1624 1322 1673 quidam
1361 1624 1521 1661 eandem
1549 1624 1620 1661 ha-

198 1688 316 1725 buere
352 1687 580 1737 opinionem,
616 1700 701 1737 quae
730 1690 860 1725 tamen
889 1687 971 1724 sine
997 1687 1111 1725 dubio
1140 1687 1239 1724 falsa
1269 1689 1337 1725 est.
1395 1686 1489 1725 Tale
1519 1687 1622 1725 enim

199 1766 354 1790 carmen
387 1752 655 1803 longissimum
682 1754 895 1789 monstrum
925 1754 1037 1798 esset,
1068 1752 1130 1790 cui
1159 1752 1261 1802 apud
1289 1752 1496 1790 Horatium
1523 1752 1622 1790 nihil

200 1819 299 1852 esset
338 1816 463 1853 simile
492 1829 562 1853 nec
592 1816 813 1861 secundum,
844 1819 959 1864 atque
988 1815 1173 1853 Horatius
1202 1816 1284 1865 ipse
1314 1816 1354 1852 in
1382 1816 1508 1865 prima
1537 1816 1619 1865 pri-

200 1893 272 1918 mae
317 1880 396 1918 odae
440 1880 598 1930 stropha
641 1880 735 1918 dixit
777 1894 817 1918 se
859 1894 934 1918 non
975 1892 1125 1918 carmen
1154 1880 1220 1918 sed
1249 1881 1422 1918 carmina
1450 1879 1618 1930 scriptu-

198 1958 284 1981 rum
314 1957 408 1981 esse.
457 1932 462 1937 ⁸

329 2007 425 2046 Haec
455 2008 637 2054 carmina,
668 2022 902 2059 quamquam
930 2008 1093 2059 lyricam
1120 2011 1300 2047 naturam
1328 2021 1403 2046 non
1426 2008 1617 2056 omittunt,

199 2074 377 2123 gnomica
421 2076 459 2110 et
501 2073 735 2111 sententiosa
778 2077 877 2111 sunt.
935 2074 1188 2123 Perspicuum
1217 2076 1275 2111 est
1303 2073 1405 2110 inter
1434 2074 1619 2111 eiusmodi

197 2137 369 2175 carmina
403 2151 586 2176 conexum
621 2150 723 2187 saepe
757 2137 885 2175 laxum
913 2137 998 2175 fieri
1026 2137 1289 2187 transitusque
1317 2137 1418 2175 inter
1447 2137 1618 2176 diversa‘s

196 2191 407 2240 sententias
437 2201 617 2251 (γνώμας)
646 2202 776 2251 paullo
805 2202 1047 2252 abruptiores
1075 2202 1269 2239 interdum
1288 2202 1411 2241 videri
1433 2203 1475 2251 ¹).
1524 2202 1617 2247 Quae

197 2279 316 2315 quum
343 2266 399 2303 ita
427 2267 517 2312 sint,
547 2266 819 2316 hypercriticis
848 2266 1077 2303 facillimum
1104 2265 1178 2303 fuit
1206 2279 1367 2317 magnas
1395 2269 1527 2316 partes
1554 2280 1617 2304 ex-

196 2344 354 2380 cerpere
396 2331 624 2380 spuriasque
667 2329 928 2380 pronuntiare.
991 2329 1066 2368 Suo
1109 2330 1270 2380 quisque
1312 2331 1422 2369 modo
1463 2333 1618 2381 poetam

288 2481 308 2517 ¹)
344 2486 403 2513 Cfr.
429 2487 543 2521 Pm-ph.
573 2486 611 2513 ad
642 2486 690 2513 od.
716 2487 772 2513 III:
801 2488 815 2513 1
844 2487 926 2519 „haee
950 2486 1008 2513 ode
1031 2486 1193 2521 multiplex
1216 2494 1271 2521 per
1294 2486 1396 2513 varios
1420 2486 1545 2513 diducta
1568 2487 1616 2513 est

195 2536 339 2566 sensus“.
