1768 2856
777 164 988 201 ,14-

172 282 248 307 sees
282 282 435 320 (equora
469 271 647 318 sentiunt,
684 270 785 319 quod
813 270 1078 320 hyperbolam,
1107 272 1151 308 ut
1179 270 1288 308 aiunt
1316 270 1454 317 Graeci,
1483 284 1608 322 mag-⁴

172 347 262 374 nam
305 333 527 372 contineant
561 334 738 384 quodque
766 333 893 384 pisces
922 334 1091 372 sentiant
1118 333 1258 385 frigus,
1288 334 1466 382 calorem,
1496 337 1595 374 tem-

174 401 379 447 pestatem,
409 412 484 436 non
512 398 682 436 sentiant
711 412 841 447 aequor
870 398 1045 436 contrahi
1064 401 1222 448 propter
1242 399 1406 437 aedificia
1424 413 1595 437 romana.

173 461 319 500 Tamen
361 462 445 501 haec
487 475 639 512 quoque
682 462 889 513 respuendi
932 476 1047 501 causa
1081 462 1122 500 in
1151 462 1369 513 opinatione
1397 463 1594 502 hominum

174 540 266 565 sane
309 540 425 576 quam
467 527 575 564 varia
617 528 743 577 magis
787 541 902 577 quam
937 528 977 564 in
1011 527 1159 565 ratione
1194 527 1369 565 omnibus
1398 529 1597 577 probanda

175 591 299 640 posita
332 593 400 628 est.
458 590 709 640 Antiquiores
739 591 841 629 enim
869 591 1101 641 interpretes
1125 591 1240 641 longe
1266 591 1383 629 aliam
1401 591 1599 630 habebant

174 655 404 692 sententiam
448 654 494 691 de
537 654 598 691 his
632 655 818 692 versibus.
880 654 935 692 Ut
962 654 1186 700 Lambinus,
1217 655 1428 705 eleganter,
1457 655 1596 705 inquit,

175 721 213 755 et
260 721 419 755 venuste
467 718 592 767 pisces
640 718 694 756 ait
741 718 883 756 sentire
932 718 1055 756 maria
1101 718 1186 756 fieri
1233 719 1505 764 contractior-a,
1560 721 1599 757 et

176 781 395 820 Dacierius:
445 781 540 820 Haec
588 783 779 820 sententia
827 785 884 820 est
930 782 1184 820 nobilissima:
1234 785 1430 821 contracta
1471 783 1596 833 pisces

176 859 332 896 aequora
367 846 539 884 sentiunt
562 846 605 895 ¹).
662 846 737 884 Sed
765 846 999 896 ubicumque
1028 846 1099 884 hoc
1128 847 1237 884 modo
1269 846 1486 897 opinionem
1514 846 1597 897 opi-

175 911 279 948 nioni
314 911 407 949 licet
436 925 639 961 opponere,
675 911 729 949 ibi
759 911 947 961 probandi
976 911 1034 949 vis
1064 911 1190 949 tenuis
1220 913 1277 949 est
1305 925 1520 962 parumque
1550 912 1598 950 ad

176 976 487 1025 persuadendum
515 976 663 1013 idonea.

308 1040 543 1090 Hyperbolae
578 1040 658 1078 sive
687 1040 862 1077 veritatis
892 1039 1170 1090 superlationes
1191 1040 1222 1089 2)
1252 1053 1326 1077 non
1355 1041 1464 1078 modo
1493 1041 1597 1090 apud

160 1100 306 1142 'omnes
343 1105 511 1142 omnium
546 1107 761 1154 temporum
789 1106 935 1154 poetas,
979 1105 1045 1142 sed
1075 1104 1193 1142 etiam
1222 1105 1323 1154 apud
1360 1118 1482 1154 prosae
1513 1119 1597 1143 ora-

177 1169 292 1206 tionis
322 1169 527 1218 scriptores
556 1169 733 1218 plurimae
763 1169 1023 1206 inveniuntur.
1081 1168 1210 1207 Pauca
1237 1168 1327 1207 huic
1356 1168 1435 1207 loco
1456 1168 1599 1207 similia

178 1233 351 1283 exempla
392 1233 467 1271 11110
508 1233 718 1272 trahemus.
782 1232 874 1272 Sall.
905 1233 988 1272 Cat.
1021 1234 1083 1280 13,
1115 1234 1134 1271 1
1167 1246 1192 1271 α
1212 1234 1379 1284 privatis
1406 1233 1599 1272 subvorsos

178 1303 317 1334 montes
359 1300 485 1334 marm
528 1303 754 1345 constructa,
797 1299 861 1342 20,
896 1299 940 1334 11
974 1300 1015 1334 in
1045 1299 1248 1335 extruendo
1276 1299 1377 1334 mari
1404 1302 1438 1334 et
1465 1299 1599 1334 monti-

178 1361 245 1399 bus
287 1361 537 1413 eowqmmdis.
602 1361 680 1400 Cfr.
718 1362 776 1400 od.
806 1360 856 1400 II:
890 1362 952 1413 18,
983 1362 1047 1407 22;
1079 1362 1136 1400 od.
1166 1360 1237 1400 III:
1268 1362 1331 1407 24,
1362 1362 1399 1407 3,
1429 1361 1496 1400 ubi
1524 1361 1597 1412 hy-

179 1427 335 1475 perbole
379 1427 496 1464 etiam
538 1427 660 1464 maior
702 1430 776 1464 est:
830 1428 1016 1463 caementis
1064 1427 1146 1463 licet
1187 1439 1338 1475 occupes
1379 1426 1600 1476 tyrrhenum

179 1503 285 1527 omne
314 1492 390 1527 tuis
418 1494 451 1528 et
479 1503 583 1528 mare
611 1490 817 1541 apule‘cum.
874 1489 957 1528 Hoc
987 1492 1090 1528 certe
1120 1490 1237 1529 etiam
1254 1490 1379 1540 pisces
1399 1489 1598 1536 sentirent,

180 1566 334 1592 necesse
378 1557 473 1600 erat,
517 1555 661 1605 quippe
691 1555 830 1604 quibus
859 1568 907 1592 ne
935 1554 1090 1592 vivendi
1118 1554 1273 1604 quidem
1302 1554 1469 1604 spatium
1499 1556 1600 1592 esset

180 1618 370 1657 relictum.
428 1619 559 1669 Atque
588 1633 706 1669 quum
735 1618 946 1669 saepissime
966 1621 1090 1668 poetae
1110 1632 1171 1656 res
1193 1618 1326 1656 brutas
1353 1620 1391 1656 et
1410 1618 1599 1656 inanimas

180 1683 388 1721 sentientes
432 1684 721 1734 cogitantesque
758 1685 796 1721 et
829 1683 1028 1733 loquentes
1057 1683 1253 1730 inducant,
1284 1683 1376 1733 quid
1404 1683 1445 1721 ni
1473 1683 1598 1733 pisces

180 1748 390 1785 sentientes
419 1748 547 1786 facere
576 1748 716 1785 liceat?
778 1746 823 1784 In
853 1748 953 1797 epist
981 1746 1011 1785 I:
1038 1748 1071 1793 1,
1094 1748 1144 1784 84
1166 1747 1274 1785 lacus
1296 1749 1333 1785 et
1353 1760 1459 1785 mare
1479 1747 1601 1785 sentit

182 1825 350 1849 amorem
379 1811 597 1849 festinantis
628 1811 696 1849 eri.

314 1876 422 1921 Quod
453 1876 585 1914 dicunt
613 1876 752 1913 harum
780 1876 1025 1925 stropharum
1054 1875 1285 1913 sententiam
1311 1889 1397 1913 cum
1417 1875 1484 1921 eis,
1514 1889 1600 1926 quae

182 1941 403 1991 praecedant
446 1943 484 1978 et
526 1942 748 1990 sequantur,
791 1953 866 1978 non
909 1939 1112 1986 cohaerere,
1156 1939 1339 1978 Lehrsius
1373 1939 1501 1978 docuit
1528 1940 1600 1979 1100

183 2020 265 2043 esse
308 2006 505 2043 iniustum.
564 2005 754 2050 Ceterum,
798 2007 841 2042 ut
869 2004 946 2042 iam
976 2004 1150 2050 diximus,
1181 2018 1288 2055 aequo
1318 2004 1442 2043 animo
1471 2004 1599 2043 feren-

183 2071 273 2108 dum
304 2073 372 2114 est,
403 2070 436 2107 si
464 2070 504 2107 in
533 2069 593 2106 his
623 2069 811 2119 gnomicis
841 2068 1075 2106 carminibus
1104 2068 1211 2105 laxus
1241 2071 1298 2106 est
1326 2082 1455 2114 nexus,
1486 2082 1601 2119 quem

182 2148 229 2171 110
251 2134 491 2171 athetesibus
511 2133 949 2183 transpositionibusque
976 2135 1179 2178 mutemus,
1209 2131 1372 2171 Peerlc:i
1392 2135 1430 2171 et
1450 2132 1601 2182 Gruppi

183 2199 230 2235 ad
260 2198 533 2236 deterrendum
563 2197 844 2235 accommodato
874 2196 1045 2246 exemplo
1074 2189 1177 2234 satisv
1197 2197 1456 2235 admonemur.

312 2294 385 2332 Vv.
416 2293 486 2332 III:
518 2295 555 2340 3,
586 2294 745 2331 21—24
774 2293 967 2331 Lucianus
998 2291 1161 2330 Mueller
1190 2292 1230 2329 in
1259 2293 1317 2330 ed.
1348 2292 1438 2330 anni
1469 2292 1601 2331 1882:i

184 2358 292 2396 uncis
336 2358 521 2408 appositis
564 2373 586 2396 a
628 2358 787 2407 reliquis
830 2357 998 2396 seclusit.
1055 2356 1217 2394 Additos
1247 2370 1309 2394 eos
1339 2370 1421 2394 esse
1450 2357 1603 2406 putavit

276 2485 295 2521 ¹)
323 2491 429 2523 „Cotto
445 2491 625 2525 expression
642 2491 690 2517 est
706 2490 767 2516 fort
783 2489 883 2522 noble,
901 2489 946 2516 les
961 2489 1107 2524 poissons
1124 2489 1244 2515 sentent
1260 2488 1306 2515 les
1321 2496 1403 2515 mers
1420 2484 1599 2515 retrecies“.

275 2538 296 2575 ²)
321 2544 381 2571 Cic.
407 2543 444 2570 de
468 2544 518 2571 0r.
542 2544 598 2570 111.
624 2544 639 2575 5
664 2544 735 2570 203.
