1768 2856
1353 24 1359 27 -
1396 26 1400 30 .
1555 23 1565 31 ι
1645 26 1648 34 ,

849 195 1060 238 -45-

245 303 364 343 etiam
405 303 453 340 de
494 301 580 352 ipsa.
621 301 683 339 die
716 300 839 338 natali
872 301 1087 338 admonere.
1155 299 1328 346 ,Nobilis
1356 300 1504 346 Lamia,
1533 315 1581 339 ne
1609 302 1661 339 sis

245 367 387 408 oblitu·
423 366 633 405 crastinum
668 365 771 404 diem
803 364 974 403 natalem
1001 367 1111 403 tuum
1140 366 1257 403 esse.“
1317 364 1402 403 Hoc
1431 367 1489 403 est
1516 365 1660 404 ridicu-

245 433 329 472 lum
357 434 397 470 et
424 444 572 469 summo
599 430 683 468 iure
712 429 918 468 Lehrsium
946 430 994 467 ad
1022 429 1260 467 irridendum
1287 429 1455 479 impulit,
1486 443 1571 479 quae
1599 433 1660 467 ta-

244 510 336 536 men
365 495 493 534 irrisio
520 508 596 533 non
623 494 664 532 in
692 493 984 548 Horatiumlsed
1003 493 1044 532 in
1062 507 1285 545 perversam
1303 493 1663 544 interpretationem

245 561 361 601 cadit.
417 559 538 598 Recte
580 561 709 597 autem
737 550 829 596 viam
863 559 1065 597 Dacierius
1099 559 1148 596 ad
1175 559 1295 597 verba
1321 559 1483 607 famulis
1511 572 1665 609 operum

242 625 379 664 solutis
412 623 496 675 haec
533 622 748 662 annotavit:
798 622 907 670 „Non
942 622 1163 669 debemus“,
1193 622 1332 673 inquit,
1367 622 1478 669 „inde
1507 622 1661 661 conclu-

247 690 338 727 dere
367 688 470 726 diem
498 688 708 726 crastinum
736 688 987 726 comuniter
1013 687 1156 726 festum
1182 688 1312 725 fuisse.
1358 688 1542 725 Horatius
1571 688 1665 725 dicit

244 755 414 791 atrocem
442 754 715 801 tempestatem
743 766 765 788 a
792 751 923 789 labore
951 752 1224 802 impedituram
1259 753 1379 789 esse‘.
1428 751 1662 797 Sanadonus,

244 817 313 868 qui
341 819 385 854 ut
412 830 498 854 mea
527 816 683 866 quidem
712 816 789 854 fert
818 816 956 866 opinio,
987 817 1155 855 omnium
1185 819 1223 854 et
1252 816 1514 867 antiquiorum
1542 819 1581 854 et
1599 830 1662 855 re-

245 881 460 919 centiorum
494 881 683 918 editorum
718 881 859 930 optime
893 882 940 918 de
973 881 1045 918 hoc
1074 881 1242 919 carmine
1270 881 1431 918 meritus
1460 884 1530 926 est,
1560 881 1664 919 idem

244 944 327 983 fere
356 944 461 983 dicit.

375 1008 459 1046 Iam
499 1022 588 1047 vero
633 1009 680 1047 ad
723 1009 990 1047 difficillimam
1030 1009 1071 1047 in
1103 1009 1174 1048 hoc
1212 1010 1381 1048 carmine
1410 1010 1663 1059 quaestionem

245 1076 497 1112 transeamus.
554 1072 774 1111 Videndum
802 1073 903 1111 enim
931 1076 999 1119 est,
1029 1074 1213 1124 quomodo
1232 1074 1367 1124 primae
1388 1074 1473 1112 duae
1492 1073 1661 1124 strophae

246 1137 464 1176 cohaereant
507 1152 594 1176 cum
637 1151 691 1184 eo,
735 1138 835 1188 quod
863 1138 1025 1176 diximus
1054 1152 1135 1176 esse
1165 1138 1344 1176 carminis
1372 1138 1571 1188 proprium
1600 1153 1662 1176 ar—

246 1204 485 1253 gumentum.
548 1201 692 1240 Versus
728 1202 884 1252 quintus
920 1202 961 1240 in
990 1197 1163 1240 omnibus
1191 1202 1426 1241 membranis
1455 1202 1510 1240 ita
1539 1203 1662 1253 scrip-

245 1269 308 1304 tus
349 1269 423 1304 est:
467 1271 617 1304 auctore
659 1267 704 1304 ab
745 1268 811 1305 illo
852 1267 960 1305 ducis
1001 1269 1193 1317 oriyinem.
1256 1267 1297 1305 Si
1324 1267 1528 1306 lectionem
1556 1268 1664 1305 ducis

245 1330 457 1369 retinemus
499 1330 616 1381 (quod
657 1331 774 1369 miror
808 1344 1041 1381 quemquam
1073 1334 1159 1381 post
1188 1331 1341 1369 Bentlei
1370 1331 1663 1381 explicationem

246 1396 375 1435 facere
405 1409 540 1434 ausum
569 1396 680 1445 esse),
716 1396 833 1434 verba
862 1396 929 1434 illa
958 1396 1005 1434 ad
1035 1398 1303 1446 argumentum
1332 1396 1563 1447 pertineant,
1593 1410 1662 1434 ne-

246 1473 352 1499 cesse
395 1463 465 1506 est,
509 1473 628 1510 quum
662 1474 793 1498 eorum
823 1461 1014 1498 sententia
1043 1463 1081 1498 et
1110 1474 1167 1507 ea,
1198 1474 1283 1510 quae
1312 1461 1498 1511 sequitur,
1530 1461 1663 1499 eodem

248 1527 380 1563 tenore
423 1525 730 1575 progrediantur.
786 1524 922 1575 Itaque
965 1538 1050 1575 quae
1093 1525 1261 1563 carmine
1297 1525 1550 1571 continentur,
1580 1525 1664 1564 haec

248 1591 392 1627 essent:
429 1589 598 1635 „Lamia,
628 1590 755 1639 gentis
783 1592 859 1627 tuae
889 1591 1020 1627 auctor
1039 1589 1194 1635 Lamus,
1216 1590 1387 1627 conditor
1407 1589 1662 1634 Formiarum,

246 1655 342 1690 erat.
400 1652 492 1691 Cras
520 1652 639 1703 pluet.
670 1652 782 1698 Cura,
811 1655 855 1690 ut
881 1652 1026 1690 habeas
1055 1652 1206 1690 aridum
1233 1652 1395 1703 lignum.
1437 1653 1664 1691 Convivium

246 1717 500 1755 celebrabis“.
563 1716 738 1755 Partium
766 1717 1036 1755 cohaerentiam
1063 1717 1127 1754 hic
1156 1717 1281 1754 laxam
1309 1717 1389 1755 sive
1418 1718 1546 1767 potius
1574 1717 1662 1754 nul-

247 1780 325 1818 lam
368 1795 462 1827 esse,
506 1781 591 1831 quis
636 1783 705 1827 est,
748 1781 841 1831 quin
882 1781 1034 1819 videat?
1091 1781 1143 1818 Et
1183 1781 1293 1818 homo
1335 1781 1455 1818 nobili
1483 1781 1564 1819 loco
1592 1794 1663 1819 na-

245 1847 321 1891 tus,
372 1859 486 1894 quem
535 1846 582 1883 de
625 1846 779 1896 generis
821 1846 879 1883 sui
920 1847 1072 1883 auctore
1115 1845 1193 1893 (vel
1235 1845 1363 1891 etiam,
1407 1847 1450 1882 ut
1491 1845 1665 1883 nonnulli

247 1909 391 1955 volunt,
436 1910 482 1947 de
524 1909 646 1959 ipsius
689 1910 750 1959 die
792 1910 930 1959 natali)
974 1909 1174 1948 certiorem
1214 1909 1342 1948 facere
1375 1899 1531 1948 necesse
1567 1912 1663 1956 erat,

248 1972 387 2011 Horati
420 1987 529 2011 musa
563 1987 699 2023 parum
735 1973 875 2024 dignus
903 1973 1021 2012 fuisse
1049 1973 1213 2011 videtur.
1268 1972 1430 2011 Plurimi
1459 1976 1588 2011 autem
1617 1974 1664 2012 de

249 2037 322 2076 hac
351 2037 513 2076 lectione
549 2038 797 2088 desperantes
826 2037 963 2076 Heinsi
993 2053 1014 2076 a
1042 2037 1215 2076 Bentlcio
1246 2026 1331 2075 aliis
1360 2038 1665 2076 commendatam

250 2102 511 2139 coniecturam
553 2102 657 2139 ducit
698 2105 940 2151 acceperunt.
997 2102 1127 2139 Etiam
1168 2101 1312 2146 Keller,
1356 2101 1666 2140 coniecturarum

249 2165 316 2203 ille
359 2167 608 2215 contemptor,
651 2165 881 2204 necessitate
923 2167 1075 2205 coactus
1117 2178 1201 2203 eam
1243 2165 1433 2215 probavit.
1498 2165 1666 2204 Tantum

239 2230 340 2267 'vero
370 2243 415 2267 ea
443 2230 675 2279 proficimus,
704 2232 748 2267 ut
775 2244 810 2268 v.
841 2231 864 2268 5
886 2230 935 2267 ad
954 2229 1213 2280 parenthesin,
1234 2242 1350 2279 quam
1368 2232 1506 2268 vocant
1526 2230 1665 2277 Graeci,

249 2305 374 2342 neque
418 2294 466 2330 ad
507 2293 634 2343 ipsum
676 2284 947 2344 argumentum
974 2294 1179 2343 pertineat,
1214 2293 1281 2330 sed
1309 2293 1428 2330 etiam
1457 2294 1667 2344 accipimus

249 2356 405 2409 longam
447 2360 485 2396 et
528 2358 589 2396 vix
630 2357 829 2396 ferendam
861 2357 1122 2409 parenthesin,
1159 2371 1276 2408 quam
1309 2357 1530 2409 legentibus
1558 2359 1668 2398 nobis

253 2419 358 2459 haud
391 2422 556 2460 multum
590 2423 712 2468 abest,
755 2423 849 2472 quin
882 2423 1039 2472 spiritus
1072 2422 1363 2468 intercludatur,
1398 2427 1669 2473 argumentum

251 2488 382 2524 autem
423 2500 498 2524 non
539 2486 664 2537 plenis
707 2486 854 2525 duabus
897 2486 1062 2537 strophis
1091 2486 1315 2534 absolvitur,
1356 2487 1482 2537 prima
1510 2488 1669 2539 stropha

249 2550 353 2589 nihit
380 2551 498 2590 habet
525 2551 666 2602 leporis
695 2554 810 2602 atque
840 2553 1000 2591 obscura
1029 2553 1068 2589 et
1094 2551 1280 2602 languida
1300 2555 1370 2590 est.
1400 2552 1486 2591 Hac
1505 2554 1668 2591 maxime
