1768 2856
755 155 966 193 —53-

146 261 281 298 eodem
322 261 432 299 modo
475 261 749 311 interpretatos
793 276 887 309 esse,
930 262 1057 300 nescio
1092 276 1141 300 an
1176 262 1288 301 valde
1317 263 1368 301 sit
1396 263 1567 310 dubium,

143 334 251 363 num'
271 324 498 364 scholiastas
531 327 637 364 recte
671 325 940 365 intellexerint.
997 325 1043 365 In
1071 326 1235 366 Acronis
1250 326 1405 367 scholiis
1421 327 1523 367 adh.
1539 327 1566 367 l.

145 390 231 428 haec
275 393 457 428 annotata
499 393 604 429 sunt:
635 390 676 429 Si
705 405 840 429 manus
874 391 1055 429 immunis
1083 392 1273 430 scelerum
1300 392 1434 444 tetigit
1461 406 1569 431 aram

146 457 370 504 sumptuosa
412 455 538 493 hostia
579 469 655 493 11011
696 456 861 495 mollivit
903 469 1054 500 aversos
1096 459 1253 505 penates
1295 457 1472 495 blandior
1504 458 1567 507 pio
1606 459 1612 465 '

146 518 251 556 farre
282 521 320 556 et
348 518 511 557 saliente
538 519 652 557 mica.
708 519 961 570 Perspicuum
994 520 1058 558 hic
1087 522 1157 567 est,
1192 520 1233 558 in
1259 520 1568 571 interpunctione

146 585 276 621 nostra
319 584 368 621 ab
410 583 562 622 Acrone
604 598 680 622 non
722 587 907 635 usurpata
947 584 1116 635 positum
1158 598 1240 623 esse
1274 584 1439 634 (comma
1466 586 1569 624 enim

145 652 214 686 aut
250 650 338 686 ante
365 633 494 686 ⁸verba
522 652 742 698 sumptuosa
769 649 891 686 hostia
920 651 987 686 aut
1019 650 1106 698 post
1134 661 1180 686 ea
1207 649 1453 687 scribendum
1481 650 1568 699 est),

149 716 279 751 utrum
308 725 337 751 s.
367 712 403 750 12.
443 712 617 751 subiecta
646 712 724 750 sint
751 713 867 751 verbo
896 712 1071 759 mollivit,
1101 726 1150 751 an
1178 713 1219 751 in
1247 713 1355 752 abl-o
1383 726 1474 752 casu
1492 714 1569 752 sint

148 781 188 816 et
217 779 266 816 ad
295 778 513 815 subiectum
540 790 679 815 mames
706 778 940 827 pertineant.
996 777 1271 828 Porphyrionis
1300 779 1494 816 annotatio
1513 779 1570 817 ita

144 843 227 893 legi
269 842 381 880 solet:
425 841 654 879 nominativi
696 855 805 880 casus
834 844 923 880 sunt
950 855 979 879 s.
1016 842 1066 891 k„
1109 841 1200 892 quia
1228 855 1360 880 sensus
1390 845 1463 880 est:
1493 856 1569 881 non

147 907 323 946 blandior
365 906 438 944 diis
480 919 509 943 S.
553 906 588 943 h.
633 919 750 955 quam
788 920 936 953 manus,
979 920 1064 956 quae
1100 906 1204 944 farre
1232 907 1436 945 sacrificat.
1492 907 1568 946 Hic

146 972 274 1010 hostia
311 973 349 1008 et
383 984 519 1008 manus
548 970 650 1008 inter
678 984 719 1008 se
749 973 1031 1021 comparantur,
1061 984 1147 1020 quae
1181 971 1437 1021 „comparatio
1465 985 1568 1010 com—

148 1036 375 1087 pendiaria“
409 1048 535 1085 neque
565 1035 605 1072 in
633 1034 774 1073 Horati
803 1035 930 1073 verbis
959 1036 1059 1073 inest
1086 1048 1211 1085 neque
1236 1034 1491 1086 Porphyrioni
1512 1039 1570 1074 est

149 1101 402 1139 obtrudenda.
460 1099 535 1137 Sed
578 1099 693 1137 codex
735 1100 826 1137 noni
868 1100 930 1137 vel
959 1100 1097 1138 decimi
1131 1100 1260 1137 saeculi
1295 1099 1569 1149 Porphyrionis

146 1165 294 1204 scholia
337 1164 535 1202 continens
570 1164 689 1201 habet
718 1177 793 1201 non-
821 1165 1045 1201 nominativi
1072 1177 1182 1201 casus
1209 1168 1309 1212 sunt,
1339 1178 1424 1214 quae
1453 1164 1567 1203 lectio

144 1231 311 1280 probata
354 1231 412 1267 est
454 1228 664 1266 Havthalio
709 1231 748 1265 et
789 1228 958 1277 Meyero,
1008 1229 1074 1277 qui
1120 1228 1227 1266 facili
1273 1229 1569 1278 transpositione

148 1307 286 1331 manus
319 1306 432 1344 quam
468 1306 536 1342 pro
566 1305 680 1343 quam
708 1305 845 1329 manus
874 1292 1109 1342 scripserunt
1139 1295 1177 1330 et
1204 1292 1356 1342 legunt:
1401 1306 1476 1330 non
1504 1306 1568 1330 no-

148 1360 324 1396 minativi
352 1370 462 1395 casus
490 1361 590 1402 sunt,
611 1358 702 1406 quia
721 1369 852 1394 sensus
871 1361 941 1393 est:
969 1369 1041 1393 non
1062 1357 1236 1393 blandior
1254 1359 1473 1406 sumptuose—t
1500 1358 1566 1395 ho-

146 1423 225 1459 stiffi
263 1433 412 1469 memus,
456 1433 569 1471 quam
609 1433 693 1470 quse
734 1421 843 1468 farre
884 1420 1086 1468 sacrificat,
1129 1419 1200 1457 ubi
1229 1433 1259 1457 s.
1297 1421 1333 1457 h.
1363 1423 1496 1470 aperte
1525 1421 1566 1458 in

148 1486 318 1524 ablativo
360 1487 461 1522 sunt.
518 1484 706 1522 Videmus
735 1484 868 1534 igitur,
898 1485 938 1521 in
968 1484 1247 1522 dubitationem
1276 1485 1412 1523 saltem
1440 1486 1569 1524 vocari

146 1564 270 1600 posse,
315 1563 388 1599 quo
432 1549 541 1586 modo
585 1548 801 1586 scholiastae
836 1561 917 1585 rem
953 1548 1239 1597 explicaverint,
1283 1548 1338 1585 ita
1367 1551 1410 1585 ut
1438 1562 1569 1587 eorum

149 1615 358 1653 auctoritas
388 1613 461 1651 hac
490 1613 530 1650 in
559 1626 600 1650 re
629 1612 735 1649 nulla
764 1612 825 1650 sit.

278 1678 418 1728 Neque
447 1677 601 1715 Bentlei
631 1677 900 1715 auctoritatem
929 1677 1040 1715 credo
1071 1677 1152 1714 61113
1181 1677 1419 1726 aliorumque
1447 1677 1568 1715 inter-

149 1743 407 1793 pretationem
436 1755 560 1792 nuper
588 1744 923 1780 commemoratam
940 1741 1157 1780 defendere.
1215 1741 1359 1779 Notum
1375 1744 1433 1779 est
1452 1742 1493 1779 in
1508 1742 1565 1780 al·
1607 1758 1610 1761 ⁴

149 1808 266 1846 caicis
295 1807 630 1856 hendecasyllabis
660 1806 835 1855 quintam
863 1806 1054 1855 syllabam
1082 1806 1201 1843 fuisse
1230 1806 1438 1855 ancipitem
1467 1806 1570 1856 apud

150 1872 300 1910 aeolicos
344 1874 382 1909 et
425 1871 631 1909 Catullum.
688 1870 806 1920 Apud
847 1870 1053 1908 Horatium
1093 1873 1221 1907 autem
1264 1883 1415 1920 semper
1453 1870 1570 1921 longa

149 1939 207 1975 est
229 1937 271 1985 1).
328 1936 433 1986 Ergo
476 1949 505 1973 8.
549 1936 585 1972 Ιι.
628 1936 668 1972 111
703 1935 779 1972 abl.
816 1935 904 1980 sint,
945 1948 1101 1972 necesse
1131 1937 1200 1972 est.
1256 1934 1317 1972 Ne
1346 1935 1386 1972 id
1415 1935 1571 1984 quidem

148 2002 232 2039 iure
275 2003 408 2039 contra
451 2000 527 2037 (1161
569 2002 708 2049 potest,
752 2001 985 2048 postremam
1013 1999 1203 2049 syllabam
1239 1999 1416 2037 vocabuli
1443 2012 1569 2050 sump-

146 2071 256 2104 tuosa
298 2065 487 2115 positione
530 2064 686 2114 longam
729 2064 813 2101 fieri
856 2066 944 2101 ante
979 2064 1164 2113 blandior,
1200 2078 1302 2110 nam,
1331 2067 1374 2102 ut
1404 2065 1570 2102 ostendit

147 2131 384 2176 Lenhoffius,
428 2132 517 2167 ante
559 2129 692 2167 literas
729 2129 763 2165 hl
805 2128 903 2166 nihil
945 2129 1047 2178 apud
1076 2128 1282 2166 Horatium
1309 2129 1496 2179 positione
1525 2129 1570 2167 fit

146 2195 306 2246 longum
326 2195 371 2244 2).
429 2195 537 2240 Quod
580 2194 611 2231 si
654 2207 683 2231 s.
727 2194 763 2232 Ιι.
806 2194 846 2231 111
889 2194 965 2232 abl.
1009 2196 1110 2240 sunt,
1153 2194 1272 2232 verba
1304 2194 1412 2243 farre
1444 2195 1509 2244 pio
1537 2199 1571 2231 et

142 2261 303 2297 saliente
336 2261 433 2297 mica
468 2273 543 2297 non
578 2261 738 2308 possunt
765 2273 834 2308 pro
864 2258 940 2296 abl.
971 2258 1266 2308 comparationis
1294 2258 1442 2304 haberi,
1472 2272 1568 2308 qua-

147 2325 320 2362 mobrem
363 2324 549 2374 cogimur,
593 2325 636 2361 ut
670 2323 718 2361 ad
753 2323 1046 2373 explicationem
1075 2337 1097 2360 a
1125 2322 1313 2361 Lambino
1343 2323 1473 2361 datam
1500 2336 1568 2361 nos

283 2475 303 2512 ¹)
328 2481 388 2507 Cfr.
413 2480 449 2507 L.
473 2480 611 2507 Mueller.
637 2480 674 2506 de
698 2487 730 2506 1-6
754 2488 804 2512 111.,
828 2480 937 2507 Waltz.
961 2488 991 2515 p.
1020 2480 1089 2507 151.

281 2529 303 2566 2)
327 2535 405 2562 Vide
429 2535 485 2562 III:
511 2535 539 2567 4,
567 2535 615 2567 50,
640 2535 696 2561 III:
724 2536 751 2567 6,
779 2536 827 2567 19,
852 2535 909 2561 III:
937 2535 986 2567 11,
1012 2536 1039 2561 9.
