1768 2856
859 215 1069 254 -55—

492 327 571 355 Vina
592 327 703 362 parant
726 325 847 353 animos
869 325 1047 361 faciuntque
1070 325 1224 353 caloribus
1247 327 1348 361 aptos.

493 382 573 409 Cura
595 380 686 415 fugit,
709 379 808 407 multo
831 379 1022 415 diluiturque
1043 387 1138 408 mero.

498 435 584 461 Tunc
605 424 731 460 veniunt
753 433 846 466 risus,
869 434 943 460 tunc
959 439 1092 469 pauper
1113 439 1238 460 cornua
1261 434 1365 466 sumit,

497 488 583 515 Tune
606 486 694 515 dolor
717 487 748 514 et
771 494 850 514 curae
874 494 1012 523 rugaque
1034 486 1145 514 frontis
1169 487 1243 520 abit,
1268 494 1293 515 e.
1318 495 1369 523 qu.
1395 495 1419 515 s.

388 582 609 619 Extremam
637 580 835 630 stropham
862 580 1008 618 Peerlc.
1037 580 1267 630 repudiavit,
1288 581 1389 630 quod
1408 580 1524 618 Liber
1542 585 1673 618 testam

248 646 460 700 producere
487 658 563 683 non
591 644 722 694 possit.
766 644 847 690 Quo
875 644 974 683 nihil
1011 647 1069 683 est
1096 644 1236 683 verius.
1280 644 1389 690 Quod
1413 644 1446 682 si
1470 644 1543 683 isto
1562 645 1672 684 modo

257 713 459 762 poetarum
478 709 597 747 verba
610 709 874 755 tractabimus,
892 710 984 758 quid
1003 710 1159 747 tandem
1177 709 1373 746 manebit?
1415 709 1674 747 Contueamur

261 775 333 814 exti
374 772 503 824 gratia
544 786 579 811 v.
625 773 691 811 19:
716 777 803 823 post
835 777 868 811 te
894 786 1010 824 neque
1036 774 1155 811 iratos
1183 774 1354 811 trementi
1379 786 1509 824 requm
1536 774 1672 824 apices,

256 842 333 879 cet.
391 837 503 883 Quid,
533 851 673 887 quaeso,
702 837 777 876 sibi
804 837 936 876 volunt
963 838 1053 876 irati
1082 838 1235 888 apices?
1291 837 1391 883 Quid
1421 840 1479 876 est
1506 840 1672 876 tremere

253 904 412 955 apices?
467 902 542 940 Per
583 916 624 940 se
666 902 821 952 quidem
863 905 901 940 et
943 903 1108 941 absurda
1150 905 1189 940 et
1216 902 1380 941 ridicula
1414 905 1515 949 sunt,
1545 916 1671 953 neque

259 972 389 1007 tamen
418 967 622 1017 quisquam
650 967 735 1013 erit,
765 967 856 1016 quin
885 967 1088 1017 intellegat
1115 967 1199 1005 haec
1227 967 1346 1005 verba
1374 980 1397 1004 a
1425 969 1539 1017 poeta
1558 981 1671 1018 usui·-

257 1035 348 1083 pata
389 1031 487 1069 nihil
530 1031 634 1069 aliud
675 1031 894 1081 significare
929 1045 1044 1081 quam
1071 1034 1157 1081 post
1185 1031 1265 1069 vini
1293 1031 1486 1081 potionem
1513 1045 1589 1069 non
1617 1031 1670 1069 ti-

256 1110 360 1135 mere
389 1096 506 1133 iratos
536 1098 574 1133 et
601 1097 776 1145 potentes
804 1108 916 1145 reges
938 1095 980 1144 ¹).
1024 1095 1169 1132 Eodem
1197 1095 1306 1133 modo
1335 1095 1454 1133 Liber
1480 1098 1519 1133 et
1538 1095 1671 1133 Venus

258 1164 296 1200 et
336 1160 502 1198 lucernae
544 1159 755 1209 producent
793 1159 1021 1208 'amphoram
1055 1158 1093 1196 h.
1124 1172 1156 1196 e.
1187 1159 1379 1209 amphorae
1407 1159 1539 1198 vinum
1566 1159 1605 1197 h.
1636 1173 1669 1198 e.

256 1224 336 1264 vini
377 1227 509 1275 potum
550 1224 588 1262 h.
613 1237 665 1262 ve.
701 1223 1028 1274 compotationem,
1073 1223 1386 1262 comissationem.
1456 1223 1568 1262 Nihil
1612 1226 1672 1262 est

258 1289 483 1339 simplicius.
539 1288 733 1327 Praeterea
762 1288 919 1338 stropha
948 1288 1210 1338 compositioni
1244 1289 1423 1326 carminis
1451 1289 1671 1327 necessaria

258 1356 329 1396 est,
350 1356 393 1391 ut
422 1354 539 1397 etiam
555 1353 750 1403 Gruppius
772 1353 937 1391 ostendit
952 1352 1093 1401 (Minos
1109 1353 1176 1401 99)
1197 1352 1241 1402 2).
1298 1352 1374 1390 cfr.
1391 1352 1582 1391 Luebker.
1599 1365 1666 1403 pg.

262 1419 338 1456 490
367 1431 424 1467 sq.

846 1749 1090 1808 XXIII.

385 1886 458 1925 Vv.
491 1887 646 1924 17—20
676 1886 852 1924 delerunt
880 1886 1053 1930 Guietus,
1082 1885 1242 1930 Peerlc„
1278 1885 1507 1931 Meinekius,
1537 1885 1663 1922 Hitzi-

255 1951 358 2001 gius,
387 1951 583 1996 Lehrsius‚
614 1950 822 2000 Gruppius.
879 1950 954 1987 Eos
987 1950 1107 1987 nihilo
1140 1950 1266 1987 minus
1300 1963 1389 1987 vere
1432 1950 1480 1987 ab
1509 1949 1669 1987 Horatio

257 2015 418 2065 scriptos
448 2028 541 2060 esse,
559 2028 579 2052 e
595 2014 741 2052 duabus
766 2014 929 2052 maxime
948 2014 1063 2052 rebus
1083 2013 1272 2064 collegere
1291 2013 1394 2052 licet.
1440 2013 1478 2061 1)
1498 2012 1664 2063 Stropha

392 2152 413 2189 ¹)
437 2158 514 2185 Vide
549 2157 604 2185 Od.
643 2158 670 2190 1,
696 2158 745 2190 18,
772 2157 804 2184 5:
828 2156 898 2191 quis
921 2157 993 2191 post
1016 2156 1086 2183 vina
1110 2154 1147 2188 (=
1173 2157 1247 2191 post
1270 2156 1331 2183 vini
1354 2152 1522 2191 potionem)
1545 2162 1670 2188 gravem

261 2210 403 2251 militiam
426 2213 540 2247 crepat.
587 2211 647 2239 Ofr.
672 2210 800 2238 Peerlczi
823 2218 892 2237 ann.
916 2210 955 2237 ad
977 2210 1007 2237 h.
1031 2210 1051 2237 1.

392 2258 414 2296 9)
439 2264 539 2296 Quum
562 2273 580 2291 a
603 2265 744 2299 Gruppio
767 2264 948 2298 plerumque
971 2263 1193 2295 discordemus,
1217 2264 1300 2290 iuvat
1323 2263 1380 2289 hoc
1402 2262 1470 2288 loco
1492 2261 1586 2288 verba
1601 2262 1671 2288 eius

254 2318 376 2352 afferre,
411 2326 477 2354 quoe
511 2318 601 2346 nobis
633 2318 722 2345 valde
761 2317 941 2353 probantur.
990 2317 1209 2352 „Peerlkamps
1243 2316 1404 2343 Bedenken
1439 2315 1583 2342 scheinen
1606 2315 1668 2343 mir

259 2372 446 2406 erkfinstelt;
470 2373 512 2399 im
536 2372 726 2407 Gegentheil,
750 2372 800 2399 ioh
821 2371 904 2398 halte
928 2372 1034 2399 diesen
1056 2371 1183 2398 Schluss
1205 2372 1254 2398 fiir
1276 2370 1488 2402 unerliisslich,
1512 2369 1592 2396 denn
1615 2369 1672 2397 das

257 2425 392 2453 *Gedicht
426 2426 506 2453 kann
533 2426 617 2453 nieht
640 2426 670 2452 in
693 2425 747 2452 der
769 2425 1003 2460 Allgemeinheit
1027 2425 1134 2452 stehen
1157 2424 1288 2456 bleiben‚
1318 2431 1350 2450 es
1378 2431 1465 2450 muss
1487 2422 1599 2450 wieder
1622 2423 1678 2450 auf

256 2478 310 2506 die
343 2481 499 2516 Amphora
526 2480 591 2507 und
614 2479 780 2515 Spezielles
802 2479 1072 2512 zurfiekkommen,
1095 2478 1280 2506 namentlich
1302 2478 1356 2505 auf
1376 2477 1434 2504 den
1457 2476 1603 2510 Moment,
1627 2485 1673 2505 wo

259 2533 307 2560 sie
329 2534 546 2568 hervorgeholt
568 2534 652 2566 wird,
677 2533 756 2560 denn
779 2533 892 2560 ‹iai-auf
909 2533 952 2560 ist
975 2533 1054 2560 doch
1076 2532 1212 2559 offenbar
1234 2532 1290 2558 das
1313 2531 1416 2558 Ganze
1439 2531 1590 2565 angelegt,
1611 2530 1675 2558 und

258 2584 317 2614 das
340 2587 472 2615 Gedieht
494 2587 605 2614 bedarf
624 2587 707 2614 eines
731 2586 986 2614 Schlussaccords
1008 2586 1052 2613 im
1074 2586 1163 2613 Sinne
1185 2584 1388 2616 Horazischer
1412 2580 1624 2612 Odenkunst“.
