1768 2856
824 175 1033 214 -48-

213 287 348 323 tamen
389 283 632 335 temporibus
673 296 754 322 mos
788 282 865 322 fuit
891 282 1091 321 hominum
1119 284 1164 320 ut
1194 295 1326 321 eorum
1353 282 1457 322 viam
1484 266 1661 321 fioribus
1746 268 1767 296 J

220 349 403 399 foliisque
438 350 739 394 consternerent,
769 361 863 397 quos
891 348 1034 386 honore
1063 346 1217 385 afficere
1245 346 1403 385 vellent.
1460 346 1646 385 Chariton

219 427 258 464 p.
290 413 339 451 77
369 407 496 463 Lips.:
527 409 561 449 οἱ
591 414 656 462 μὲν
686 406 821 461 ῥόδοις,
851 409 886 448 οἱ
915 410 954 449 δὲ
984 407 1109 454 αὐτοῖς
1128 411 1322 462 στεφάνοις
1342 408 1654 463 ὲφυλλοβόλησαν·

218 475 362 520 αὐτοὺς.
419 477 577 515 A'ddere
618 476 703 515 volo
745 476 888 515 Matth.
931 476 1003 514 Ενι
1046 474 1153 522 XXI,
1197 476 1238 513 8:
1283 473 1393 512 ἄλλοι
1421 474 1461 512 δὲ
1491 474 1644 512 ἔκοπτον

212 541 381 584 κλάδους
409 539 481 577 ἀπὸ
510 546 578 578 τῶν
608 540 776 590 δένδρων,
804 541 868 577 καὶ
898 533 1115 589 ἐστρώννοόν
1145 537 1181 577 ἐν
1201 544 1245 589 τῇ
1266 536 1350 588 ὁδῷ.
1406 538 1500 585 Quae
1526 551 1646 590 quum

214 607 271 644 ita
309 599 404 653 sint,
449 606 536 656 quis
578 608 705 656 poetae
748 606 980 644 interdicere
1021 607 1161 655 potest,
1204 617 1253 642 ne
1286 604 1412 654 fingat
1439 603 1578 642 silvam
1604 603 1646 642 in
1706 628 1710 632 -

214 670 344 708 Fauni
371 671 556 709 honorem
582 670 676 708 folia
706 672 898 716 excutere,
928 670 1069 720 quibus
1097 668 1306 719 migrantis
1335 667 1398 706 dei
1426 667 1503 721 iter
1530 681 1641 718 spar-

211 737 307 786 gat?
341 734 462 773 Immo
491 735 644 785 poetica
671 734 867 785 elegantia
887 737 945 772 est
965 735 1013 772 ab
1033 733 1300 783 imperitorum
1318 732 1641 781 interpolatorum

220 799 492 850 intellegentia
521 812 712 849 sensuque
742 798 926 837 diiuncta.

613 878 736 906 Gaudet
760 878 891 905 invisam
913 878 1075 914 populisse
1097 878 1211 905 fossor.

348 940 497 978 Peerlc.
541 953 673 978 vocem
715 940 878 977 invisam
920 952 1067 977 morose
1097 940 1363 990 reprehendit,
1394 952 1512 992 quam
1539 947 1635 998 Puta

213 1019 295 1044 esse
344 1005 573 1052 „ridiculum
616 1004 850 1054 epitheton,“
898 1004 966 1042 sed
994 1004 1084 1041 talis
1113 1007 1172 1042 est
1204 1004 1407 1045 horatiana
1435 1022 1558 1057 musa,
1587 1013 1632 1048 ut

210 1083 346 1108 severa
375 1082 526 1119 quoque
555 1068 717 1106 ridentis
745 1068 896 1106 vultum
924 1081 999 1106 non
1018 1069 1111 1106 satis
1132 1069 1322 1118 deponere
1342 1071 1475 1110 soleat.
1520 1073 1629 1118 Quod

211 1134 279 1172 alii
309 1133 534 1179 attulerunt,
564 1145 739 1170 romanos
767 1145 842 1170 non
872 1132 1010 1170 dixisse
1032 1133 1172 1182 pellere
1206 1137 1359 1184 terram,
1389 1136 1457 1173 sed
1469 1137 1629 1187 pulsare

210 1211 241 1236 s.
272 1202 423 1249 quatere
452 1202 593 1235 terram
620 1196 735 1235 facile
764 1196 958 1234 refutatur
987 1197 1181 1247 exemplis,
1218 1198 1357 1237 Oatufl.
1388 1199 1514 1239 Carm.
1535 1200 1627 1240 LXI

207 1263 308 1312 pelle
336 1262 493 1300 humum
519 1261 687 1312 pedibus,
717 1260 861 1299 Lucret
889 1260 939 1307 V,
972 1262 1072 1299 1041
1104 1262 1200 1299 duro
1229 1267 1370 1301 terram
1396 1265 1488 1315 pede
1500 1266 1641 1316 pellere

214 1331 388 1365 matrem.

668 1395 729 1421 Ter
751 1394 831 1429 pede
854 1395 979 1421 terram.

342 1466 530 1505 Peerlczio
571 1480 647 1504 non
689 1466 818 1516 placet
852 1465 948 1504 illud
975 1467 1071 1516 pede
1113 1467 1167 1505 sic
1195 1468 1309 1514 nude,
1341 1468 1423 1506 sine
1453 1469 1637 1519 epitheto,

215 1531 397 1580 positum,
440 1531 508 1568 sed
551 1531 644 1568 adeo
688 1530 872 1568 condidus
915 1533 984 1576 est,
1027 1533 1071 1568 ut
1113 1531 1196 1580 ipse
1224 1532 1301 1569 tria
1330 1546 1385 1570 ex.
1416 1532 1566 1580 afferat,
1595 1533 1637 1572 in

212 1594 355 1644 quibus
377 1595 473 1645 pede
503 1597 541 1632 et
561 1595 723 1644 pedibus
752 1595 885 1632 eodem
913 1608 1068 1644 prorsus
1097 1596 1206 1633 modo
1236 1596 1318 1634 sine
1339 1596 1510 1648 epitheto
1531 1600 1633 1636 sunt.

344 1659 472 1704 Quum
501 1662 632 1697 contra
660 1659 760 1696 hanc
789 1659 988 1708 stropham
1015 1659 1110 1696 talia
1138 1661 1401 1698 tantummodo
1422 1661 1637 1700 afferantur

210 1723 437 1768 infirmiora,
482 1736 599 1773 quam
628 1736 713 1773 quae
744 1722 925 1773 cuiquam
953 1724 1111 1773 probari
1139 1724 1298 1774 possint,
1329 1738 1440 1776 spero
1468 1725 1562 1772 fore,
1592 1727 1637 1763 ut

210 1800 321 1825 nemo
352 1788 555 1825 addubitet
585 1801 670 1825 eam
698 1801 925 1838 germanam
952 1788 1110 1826 habere.

836 2132 1016 2192 XIX.

341 2270 467 2308 Multa
502 2272 541 2308 et
574 2270 683 2308 varia
712 2270 759 2307 de
787 2269 859 2308 hoc
889 2270 1058 2309 carmine
1087 2270 1233 2321 scripta
1261 2272 1362 2317 sunt,
1391 2284 1482 2309 nam
1509 2271 1633 2310 multa

210 2336 354 2381 insunt,
398 2349 484 2385 quae
526 2335 582 2373 ita
616 2335 800 2385 explicari
827 2349 903 2373 non
931 2337 1102 2385 possunt,
1131 2338 1174 2373 ut
1204 2336 1378 2373 omnibus
1406 2336 1630 2386 probentur.

210 2399 430 2446 Nescimus,
462 2413 536 2449 quo
565 2401 737 2450 tempore
766 2399 955 2450 scriptum
982 2399 1045 2447 sit,
1075 2400 1234 2450 quinam
1261 2399 1407 2438 fuerint
1435 2399 1630 2450 Telephus

212 2467 251 2503 et
278 2464 455 2513 Murena,
493 2464 587 2514 quid
621 2464 695 2502 sibi
723 2464 845 2502 velint
881 2465 1000 2502 verba
1029 2465 1150 2502 tribus
1178 2469 1246 2502 aut
1274 2477 1399 2502 novem
1427 2466 1632 2502 miscentur
1687 2512 1689 2515 Α
1764 2502 1765 2505 ,

161 2579 170 2586 -
210 2528 356 2579 cyathis
371 2528 510 2578 pocula
530 2528 730 2565 commodis
751 2551 800 2555 -—
818 2550 867 2555 —
889 2533 1013 2565 ternos
1033 2533 1088 2566 ter
1107 2528 1258 2578 cyathos
1270 2532 1371 2578 petet
1390 2532 1490 2565 vates
1511 2550 1560 2554 —
1578 2549 1628 2554 —
